
  <record>
    <leader>00000cam a2200397 a 4500</leader>
      <controlfield tag='008'>940505s1994    pauab    b    001 0deng  </controlfield>
      <controlfield tag='001'>30511545</controlfield>
      <controlfield tag='005'>19950227084411.0</controlfield>
      <datafield ind1=' ' ind2=' ' tag='010'>
        <subfield code='a'>94020361</subfield>
      </datafield>
      <datafield ind1=' ' ind2=' ' tag='020'>
        <subfield code='a'>1566392527 (alk. paper)</subfield>
      </datafield>
      <datafield ind1=' ' ind2=' ' tag='020'>
        <subfield code='a'>1566392535 (pbk. : alk. paper)</subfield>
      </datafield>
      <datafield ind1=' ' ind2=' ' tag='040'>
        <subfield code='a'>DLC</subfield>
        <subfield code='c'>DLC</subfield>
        <subfield code='d'>NOC</subfield>
      </datafield>
      <datafield ind1=' ' ind2=' ' tag='043'>
        <subfield code='a'>nces---</subfield>
        <subfield code='a'>n-us---</subfield>
      </datafield>
      <datafield ind1='0' ind2='0' tag='050'>
        <subfield code='a'>F1488.3</subfield>
        <subfield code='b'>.W48 1994</subfield>
      </datafield>
      <datafield ind1='0' ind2='0' tag='082'>
        <subfield code='a'>272/.9/097284</subfield>
        <subfield code='2'>20</subfield>
      </datafield>
      <datafield ind1='1' ind2=' ' tag='100'>
        <subfield code='a'>Whitfield, Teresa.</subfield>
      </datafield>
      <datafield ind1='1' ind2='0' tag='245'>
        <subfield code='a'>Paying the price :</subfield>
        <subfield code='b'>Ignacio Ellacuría and the murdered Jesuits of El Salvador /</subfield>
        <subfield code='c'>Teresa Whitfield.</subfield>
      </datafield>
      <datafield ind1=' ' ind2=' ' tag='260'>
        <subfield code='a'>Philadelphia :</subfield>
        <subfield code='b'>Temple University Press,</subfield>
        <subfield code='c'>1994.</subfield>
      </datafield>
      <datafield ind1=' ' ind2=' ' tag='300'>
        <subfield code='a'>xx, 505 p. :</subfield>
        <subfield code='b'>ill., maps ;</subfield>
        <subfield code='c'>24 cm.</subfield>
      </datafield>
      <datafield ind1=' ' ind2=' ' tag='500'>
        <subfield code='a'>Includes bibliographical references (p. 417-485) and index.</subfield>
      </datafield>
      <datafield ind1='1' ind2='0' tag='600'>
        <subfield code='a'>Ellacuría, Ignacio.</subfield>
      </datafield>
      <datafield ind1='2' ind2='0' tag='610'>
        <subfield code='a'>Jesuits</subfield>
        <subfield code='x'>Political activity</subfield>
        <subfield code='z'>El Salvador</subfield>
        <subfield code='x'>History</subfield>
        <subfield code='y'>20th century.</subfield>
      </datafield>
      <datafield ind1='2' ind2='0' tag='610'>
        <subfield code='a'>Universidad Centroamericana José Simeón Cañas PRO.</subfield>
      </datafield>
      <datafield ind1=' ' ind2='0' tag='650'>
        <subfield code='a'>Assassination</subfield>
        <subfield code='z'>El Salvador</subfield>
        <subfield code='x'>History</subfield>
        <subfield code='y'>20th century.</subfield>
      </datafield>
      <datafield ind1=' ' ind2='0' tag='650'>
        <subfield code='a'>Victims of state-sponsored terrorism</subfield>
        <subfield code='z'>El Salvador</subfield>
        <subfield code='x'>History</subfield>
        <subfield code='y'>20th century.</subfield>
      </datafield>
      <datafield ind1=' ' ind2='0' tag='651'>
        <subfield code='a'>El Salvador</subfield>
        <subfield code='x'>Politics and government</subfield>
        <subfield code='y'>1979-1992.</subfield>
      </datafield>
      <datafield ind1=' ' ind2='0' tag='651'>
        <subfield code='a'>El Salvador</subfield>
        <subfield code='x'>Politics and government</subfield>
        <subfield code='y'>1944-1979.</subfield>
      </datafield>
      <datafield ind1=' ' ind2='0' tag='651'>
        <subfield code='a'>El Salvador</subfield>
        <subfield code='x'>Relations</subfield>
        <subfield code='z'>United States.</subfield>
      </datafield>
      <datafield ind1=' ' ind2='0' tag='651'>
        <subfield code='a'>United States</subfield>
        <subfield code='x'>Relations</subfield>
        <subfield code='z'>El Salvador.</subfield>
      </datafield>
      <datafield ind1=' ' ind2='0' tag='651'>
        <subfield code='a'>El Salvador</subfield>
        <subfield code='x'>Church history</subfield>
        <subfield code='y'>20th century.</subfield>
      </datafield>
      <datafield ind1=' ' ind2=' ' tag='907'>
        <subfield code='a'>b2680078</subfield>
      </datafield>
      <datafield ind1='9' ind2='1' tag='999'>
        <subfield code='i'>i3855562</subfield>
        <subfield code='l'>ddda</subfield>
        <subfield code='s'>-</subfield>
        <subfield code='t'>0</subfield>
        <subfield code='c'>1</subfield>
        <subfield code='o'>4</subfield>
        <subfield code='b'>00010509345</subfield>
        <subfield code='p'>090</subfield>
        <subfield code='q'>|aF1488.3 .W48 1994</subfield>
      </datafield>
  </record>