
  <record>
    <leader>00000nam  2200301Ka 4500</leader>
      <controlfield tag='006'>m        d f</controlfield>
      <controlfield tag='008'>090106s2004    dcu     s    f000 0 eng d</controlfield>
      <controlfield tag='001'>297170797</controlfield>
      <controlfield tag='003'>OCoLC</controlfield>
      <controlfield tag='005'>20090106092446.0</controlfield>
      <datafield ind1=' ' ind2=' ' tag='040'>
        <subfield code='a'>GPO</subfield>
        <subfield code='c'>GPO</subfield>
        <subfield code='d'>MvI</subfield>
      </datafield>
      <datafield ind1=' ' ind2=' ' tag='074'>
        <subfield code='a'>0982-I-11 (online)</subfield>
      </datafield>
      <datafield ind1='0' ind2=' ' tag='086'>
        <subfield code='a'>TD 1.112/3:04/01</subfield>
      </datafield>
      <datafield ind1='1' ind2=' ' tag='110'>
        <subfield code='a'>United States.</subfield>
        <subfield code='b'>National Transportation Safety Board.</subfield>
      </datafield>
      <datafield ind1='1' ind2='0' tag='245'>
        <subfield code='a'>Derailment of Canadian Pacific Railway freight train 292-16 and subsequent release of anyhdrous ammonia near Minot, North Dakota, January 18, 2002</subfield>
        <subfield code='h'>[electronic resource] /</subfield>
        <subfield code='c'>National Transportation Safety Board.</subfield>
      </datafield>
      <datafield ind1=' ' ind2=' ' tag='260'>
        <subfield code='a'>Washington, D.C. :</subfield>
        <subfield code='b'>National Transportation Safety Board,</subfield>
        <subfield code='c'>[2004]</subfield>
      </datafield>
      <datafield ind1=' ' ind2=' ' tag='300'>
        <subfield code='a'>vi, 84 p. :</subfield>
        <subfield code='b'>digital, PDF file.</subfield>
      </datafield>
      <datafield ind1=' ' ind2=' ' tag='500'>
        <subfield code='a'>Title from title screen (viewed Dec. 18, 2008).</subfield>
      </datafield>
      <datafield ind1=' ' ind2=' ' tag='500'>
        <subfield code='a'>&quot;Adopted March 9, 2004.&quot;</subfield>
      </datafield>
      <datafield ind1=' ' ind2=' ' tag='538'>
        <subfield code='a'>Mode of access: Internet from the NTSB web site. Address as of 12/18/08: http://www.ntsb.gov/publictn/2004/RAR0401.pdf  ; current access is available via PURL.</subfield>
      </datafield>
      <datafield ind1='2' ind2='0' tag='610'>
        <subfield code='a'>Canadian Pacific Railway Company.</subfield>
      </datafield>
      <datafield ind1=' ' ind2='0' tag='650'>
        <subfield code='a'>Railroad accidents</subfield>
        <subfield code='z'>North Dakota</subfield>
        <subfield code='z'>Minot.</subfield>
      </datafield>
      <datafield ind1=' ' ind2='0' tag='650'>
        <subfield code='a'>Hazardous substances</subfield>
        <subfield code='x'>Accidents.</subfield>
      </datafield>
      <datafield ind1=' ' ind2='0' tag='650'>
        <subfield code='a'>Railroads</subfield>
        <subfield code='z'>United States</subfield>
        <subfield code='x'>Safety measures.</subfield>
      </datafield>
      <datafield ind1='4' ind2='0' tag='856'>
        <subfield code='u'>http://purl.access.gpo.gov/GPO/LPS106666</subfield>
      </datafield>
      <datafield ind1=' ' ind2=' ' tag='919'>
        <subfield code='a'>dwsgpo</subfield>
      </datafield>
      <datafield ind1=' ' ind2=' ' tag='907'>
        <subfield code='a'>b5887460</subfield>
      </datafield>
  </record>