
  <record>
    <leader>00000cam a2200385I  4500</leader>
      <controlfield tag='008'>870930s1966    dcu      b    100 0 engmd</controlfield>
      <controlfield tag='001'>1499545</controlfield>
      <controlfield tag='005'>19881011145820.4</controlfield>
      <datafield ind1=' ' ind2=' ' tag='010'>
        <subfield code='a'>pa 66000021</subfield>
      </datafield>
      <datafield ind1=' ' ind2=' ' tag='040'>
        <subfield code='c'>FUG</subfield>
        <subfield code='d'>m.c.</subfield>
        <subfield code='d'>m/c</subfield>
      </datafield>
      <datafield ind1='0' ind2=' ' tag='041'>
        <subfield code='a'>engporspa</subfield>
      </datafield>
      <datafield ind1=' ' ind2=' ' tag='043'>
        <subfield code='a'>cl-----</subfield>
      </datafield>
      <datafield ind1='2' ind2=' ' tag='111'>
        <subfield code='a'>Round Table on International Cooperation for Library and Information Services in Latin America</subfield>
        <subfield code='d'>(1965 :</subfield>
        <subfield code='c'>Washington, D.C.)</subfield>
      </datafield>
      <datafield ind1='1' ind2='0' tag='245'>
        <subfield code='a'>Final report and documents.</subfield>
      </datafield>
      <datafield ind1=' ' ind2=' ' tag='260'>
        <subfield code='a'>Washington,</subfield>
        <subfield code='b'>Pan American Union,</subfield>
        <subfield code='c'>1966.</subfield>
      </datafield>
      <datafield ind1=' ' ind2=' ' tag='300'>
        <subfield code='a'>2v.</subfield>
        <subfield code='c'>28cm.</subfield>
      </datafield>
      <datafield ind1=' ' ind2=' ' tag='500'>
        <subfield code='a'>&quot;U.P./O.2.III/II.1.1[-2.]&quot;</subfield>
      </datafield>
      <datafield ind1=' ' ind2=' ' tag='500'>
        <subfield code='a'>English, Portuguese, and Spanish.</subfield>
      </datafield>
      <datafield ind1=' ' ind2=' ' tag='500'>
        <subfield code='a'>&quot;Helen S. Kaufmann, rapporteur general.&quot;</subfield>
      </datafield>
      <datafield ind1=' ' ind2=' ' tag='504'>
        <subfield code='a'>Includes bibliographies.</subfield>
      </datafield>
      <datafield ind1=' ' ind2='0' tag='650'>
        <subfield code='a'>Library cooperation.</subfield>
      </datafield>
      <datafield ind1=' ' ind2='0' tag='650'>
        <subfield code='a'>Library science</subfield>
        <subfield code='v'>Congresses.</subfield>
      </datafield>
      <datafield ind1=' ' ind2='0' tag='650'>
        <subfield code='a'>Libraries</subfield>
        <subfield code='z'>Latin America.</subfield>
      </datafield>
      <datafield ind1='1' ind2=' ' tag='700'>
        <subfield code='a'>Kaufmann, Helen S.</subfield>
      </datafield>
      <datafield ind1=' ' ind2='0' tag='830'>
        <subfield code='a'>Reuniones bibliotecológicas (Columbus Memorial Library) ;</subfield>
        <subfield code='v'>no. 10-11.</subfield>
      </datafield>
      <datafield ind1=' ' ind2=' ' tag='907'>
        <subfield code='a'>b1291046</subfield>
      </datafield>
      <datafield ind1='9' ind2='1' tag='999'>
        <subfield code='i'>i1543558</subfield>
        <subfield code='l'>llda</subfield>
        <subfield code='s'>-</subfield>
        <subfield code='t'>0</subfield>
        <subfield code='c'>1</subfield>
        <subfield code='o'>0</subfield>
        <subfield code='b'>00024064799</subfield>
        <subfield code='p'>090</subfield>
        <subfield code='q'>|aZ672 .R68</subfield>
        <subfield code='v'>v.1</subfield>
      </datafield>
      <datafield ind1='9' ind2='1' tag='999'>
        <subfield code='i'>i1543559</subfield>
        <subfield code='l'>llda</subfield>
        <subfield code='s'>-</subfield>
        <subfield code='t'>0</subfield>
        <subfield code='c'>1</subfield>
        <subfield code='o'>0</subfield>
        <subfield code='b'>00024064806</subfield>
        <subfield code='p'>090</subfield>
        <subfield code='q'>|aZ672 .R68</subfield>
        <subfield code='v'>v.2</subfield>
      </datafield>
      <datafield ind1='9' ind2='2' tag='999'>
        <subfield code='a'>c1338214</subfield>
        <subfield code='b'>llda</subfield>
        <subfield code='c'>0</subfield>
      </datafield>
      <datafield ind1='9' ind2='3' tag='999'>
        <subfield code='0'>c1338214</subfield>
        <subfield code='2'>852</subfield>
        <subfield code='3'>c</subfield>
        <subfield code='b'>574421</subfield>
        <subfield code='h'>Z672</subfield>
        <subfield code='i'>.R68</subfield>
        <subfield code='x'>Previously converted record</subfield>
      </datafield>
      <datafield ind1='9' ind2='3' tag='999'>
        <subfield code='0'>c1338214</subfield>
        <subfield code='2'>853</subfield>
        <subfield code='3'>y</subfield>
        <subfield code='8'>1</subfield>
        <subfield code='a'>v.</subfield>
        <subfield code='t'>c.</subfield>
      </datafield>
  </record>