
  <record>
    <leader>00000cam  2200301I  4500</leader>
      <controlfield tag='008'>921009s1935    mau      b    000 0 eng  </controlfield>
      <controlfield tag='001'>1075283</controlfield>
      <controlfield tag='005'>19921009000000.0</controlfield>
      <datafield ind1=' ' ind2=' ' tag='010'>
        <subfield code='a'>35009279</subfield>
      </datafield>
      <datafield ind1=' ' ind2=' ' tag='040'>
        <subfield code='a'>DLC</subfield>
        <subfield code='c'>VTU</subfield>
        <subfield code='d'>SER</subfield>
        <subfield code='d'>m/c</subfield>
      </datafield>
      <datafield ind1='0' ind2=' ' tag='050'>
        <subfield code='a'>D639.P7</subfield>
        <subfield code='b'>G8</subfield>
      </datafield>
      <datafield ind1=' ' ind2=' ' tag='082'>
        <subfield code='a'>940.488642</subfield>
      </datafield>
      <datafield ind1='1' ind2=' ' tag='100'>
        <subfield code='a'>Squires, J. Duane</subfield>
        <subfield code='q'>(James Duane),</subfield>
        <subfield code='d'>1904-</subfield>
      </datafield>
      <datafield ind1='1' ind2='0' tag='245'>
        <subfield code='a'>British propaganda at home and in the United States from 1914 to 1917,</subfield>
        <subfield code='c'>by James Duane Squires ...</subfield>
      </datafield>
      <datafield ind1=' ' ind2=' ' tag='260'>
        <subfield code='a'>Cambridge,</subfield>
        <subfield code='b'>Harvard University Press,</subfield>
        <subfield code='c'>1935.</subfield>
      </datafield>
      <datafield ind1=' ' ind2=' ' tag='300'>
        <subfield code='a'>xi, 113 p.</subfield>
        <subfield code='c'>21 cm.</subfield>
      </datafield>
      <datafield ind1=' ' ind2=' ' tag='500'>
        <subfield code='a'>&quot;The present essay ... is based primarily ... on the books and pamphlets issued by Wellington house.&quot;--Pref.</subfield>
      </datafield>
      <datafield ind1=' ' ind2=' ' tag='500'>
        <subfield code='a'>&quot;A check list of British propaganda sent to the United States between 1914 and 1917&quot;: p. 86-104; &quot;Bibliographical note&quot;: p. [105]-108.</subfield>
      </datafield>
      <datafield ind1='1' ind2='0' tag='610'>
        <subfield code='a'>Great Britain.</subfield>
        <subfield code='b'>Ministry of Information.</subfield>
      </datafield>
      <datafield ind1=' ' ind2='0' tag='650'>
        <subfield code='a'>Propaganda, British.</subfield>
      </datafield>
      <datafield ind1=' ' ind2='0' tag='650'>
        <subfield code='a'>World War, 1914-1918</subfield>
        <subfield code='x'>Propaganda.</subfield>
      </datafield>
      <datafield ind1=' ' ind2='0' tag='650'>
        <subfield code='a'>World War, 1914-1918</subfield>
        <subfield code='x'>Public opinion.</subfield>
      </datafield>
      <datafield ind1=' ' ind2='0' tag='650'>
        <subfield code='a'>World War, 1914-1918</subfield>
        <subfield code='z'>United States.</subfield>
      </datafield>
      <datafield ind1=' ' ind2='0' tag='830'>
        <subfield code='a'>Harvard historical monographs ;</subfield>
        <subfield code='v'>v. 6.</subfield>
      </datafield>
      <datafield ind1=' ' ind2=' ' tag='907'>
        <subfield code='a'>b1231919</subfield>
      </datafield>
      <datafield ind1='9' ind2='1' tag='999'>
        <subfield code='i'>i1405890</subfield>
        <subfield code='l'>ddda</subfield>
        <subfield code='s'>-</subfield>
        <subfield code='t'>0</subfield>
        <subfield code='c'>1</subfield>
        <subfield code='o'>15</subfield>
        <subfield code='b'>10000888611</subfield>
        <subfield code='p'>090</subfield>
        <subfield code='q'>|aD639.P7 G8</subfield>
      </datafield>
  </record>