
  <record>
    <leader>00000cas a2200625 a 4500</leader>
      <controlfield tag='008'>800508d19802014vauqr p      f0   a0eng c</controlfield>
      <controlfield tag='001'>6295560</controlfield>
      <controlfield tag='003'>OCoLC</controlfield>
      <controlfield tag='005'>20151105125644.0</controlfield>
      <datafield ind1=' ' ind2=' ' tag='010'>
        <subfield code='a'>80644322</subfield>
      </datafield>
      <datafield ind1=' ' ind2=' ' tag='015'>
        <subfield code='a'>014146932</subfield>
        <subfield code='2'>dnb</subfield>
      </datafield>
      <datafield ind1='7' ind2=' ' tag='016'>
        <subfield code='a'>761458--5</subfield>
        <subfield code='2'>DE-600</subfield>
      </datafield>
      <datafield ind1='7' ind2=' ' tag='016'>
        <subfield code='a'>014146932</subfield>
        <subfield code='2'>DE-101</subfield>
      </datafield>
      <datafield ind1='7' ind2=' ' tag='016'>
        <subfield code='a'>7614585</subfield>
        <subfield code='2'>DE-600</subfield>
      </datafield>
      <datafield ind1='0' ind2=' ' tag='022'>
        <subfield code='a'>0270-8906</subfield>
        <subfield code='l'>0270-8906</subfield>
        <subfield code='2'>1</subfield>
      </datafield>
      <datafield ind1=' ' ind2=' ' tag='032'>
        <subfield code='a'>483870</subfield>
        <subfield code='b'>USPS</subfield>
      </datafield>
      <datafield ind1=' ' ind2=' ' tag='040'>
        <subfield code='a'>YGM</subfield>
        <subfield code='b'>eng</subfield>
        <subfield code='c'>YGM</subfield>
        <subfield code='d'>DLC</subfield>
        <subfield code='d'>NSD</subfield>
        <subfield code='d'>DLC</subfield>
        <subfield code='d'>GPO</subfield>
        <subfield code='d'>OCL</subfield>
        <subfield code='d'>GPO</subfield>
        <subfield code='d'>NSD</subfield>
        <subfield code='d'>NST</subfield>
        <subfield code='d'>DLC</subfield>
        <subfield code='d'>NSD</subfield>
        <subfield code='d'>DLC</subfield>
        <subfield code='d'>PIT</subfield>
        <subfield code='d'>GPO</subfield>
        <subfield code='d'>OCL</subfield>
        <subfield code='d'>NST</subfield>
        <subfield code='d'>GPO</subfield>
        <subfield code='d'>OCL</subfield>
        <subfield code='d'>DLC</subfield>
        <subfield code='d'>GPO</subfield>
        <subfield code='d'>IUL</subfield>
        <subfield code='d'>GPO</subfield>
        <subfield code='d'>OCL</subfield>
        <subfield code='d'>GPO</subfield>
        <subfield code='d'>OCLCQ</subfield>
        <subfield code='d'>GBVCP</subfield>
        <subfield code='d'>GPO</subfield>
        <subfield code='d'>OCLCQ</subfield>
        <subfield code='d'>OCLCF</subfield>
        <subfield code='d'>GPO</subfield>
        <subfield code='d'>MvI</subfield>
      </datafield>
      <datafield ind1=' ' ind2=' ' tag='042'>
        <subfield code='a'>pcc</subfield>
        <subfield code='a'>nsdp</subfield>
      </datafield>
      <datafield ind1=' ' ind2=' ' tag='043'>
        <subfield code='a'>n-us---</subfield>
      </datafield>
      <datafield ind1=' ' ind2=' ' tag='074'>
        <subfield code='a'>0325-F</subfield>
      </datafield>
      <datafield ind1='0' ind2=' ' tag='086'>
        <subfield code='a'>D 101.85:</subfield>
      </datafield>
      <datafield ind1='0' ind2=' ' tag='210'>
        <subfield code='a'>INSCOM j.</subfield>
      </datafield>
      <datafield ind1=' ' ind2='0' tag='222'>
        <subfield code='a'>INSCOM journal</subfield>
      </datafield>
      <datafield ind1='0' ind2='0' tag='245'>
        <subfield code='a'>INSCOM journal.</subfield>
      </datafield>
      <datafield ind1='3' ind2=' ' tag='246'>
        <subfield code='a'>Intelligence and Security Command journal</subfield>
      </datafield>
      <datafield ind1=' ' ind2=' ' tag='260'>
        <subfield code='a'>Arlington, Va. :</subfield>
        <subfield code='b'>U.S. Army Intelligence and Security Command</subfield>
      </datafield>
      <datafield ind1=' ' ind2=' ' tag='300'>
        <subfield code='a'>volumes :</subfield>
        <subfield code='b'>illustrations ;</subfield>
        <subfield code='c'>27 cm</subfield>
      </datafield>
      <datafield ind1=' ' ind2=' ' tag='310'>
        <subfield code='a'>Quarterly,</subfield>
        <subfield code='b'>1998-</subfield>
      </datafield>
      <datafield ind1=' ' ind2=' ' tag='321'>
        <subfield code='a'>Bimonthly,</subfield>
        <subfield code='b'>1995-1997</subfield>
      </datafield>
      <datafield ind1=' ' ind2=' ' tag='321'>
        <subfield code='a'>Monthly,</subfield>
        <subfield code='b'>&lt;Apr. 1980&gt;-198</subfield>
      </datafield>
      <datafield ind1=' ' ind2=' ' tag='321'>
        <subfield code='a'>Monthly (except 2 combined issues yearly),</subfield>
        <subfield code='b'>&lt;Jan./Feb. 1985&gt;-1994</subfield>
      </datafield>
      <datafield ind1=' ' ind2=' ' tag='336'>
        <subfield code='a'>text</subfield>
        <subfield code='b'>txt</subfield>
        <subfield code='2'>rdacontent</subfield>
      </datafield>
      <datafield ind1=' ' ind2=' ' tag='337'>
        <subfield code='a'>unmediated</subfield>
        <subfield code='b'>n</subfield>
        <subfield code='2'>rdamedia</subfield>
      </datafield>
      <datafield ind1=' ' ind2=' ' tag='338'>
        <subfield code='a'>volume</subfield>
        <subfield code='b'>nc</subfield>
        <subfield code='2'>rdacarrier</subfield>
      </datafield>
      <datafield ind1='1' ind2=' ' tag='362'>
        <subfield code='a'>Began with v. 3, no. 2, Apr. 1980; ceased with: Spring 2014.</subfield>
      </datafield>
      <datafield ind1=' ' ind2=' ' tag='500'>
        <subfield code='a'>Imprint varies slightly: Arlington, Va., 1980-&lt;Mar. 1989&gt;; Fort Belvoir, Va., &lt;Aug./Sept. 1989-&gt;.</subfield>
      </datafield>
      <datafield ind1=' ' ind2=' ' tag='500'>
        <subfield code='a'>Format no longer distributed to depository libraries after &lt;fall 2001&gt;.</subfield>
      </datafield>
      <datafield ind1=' ' ind2=' ' tag='588'>
        <subfield code='a'>Description based on: Vol. 3, no. 3 (May 1980); title from cover.</subfield>
      </datafield>
      <datafield ind1=' ' ind2=' ' tag='588'>
        <subfield code='a'>Latest issue consulted: Vol. 33, no. 1 (spring 2010).</subfield>
      </datafield>
      <datafield ind1='1' ind2='0' tag='610'>
        <subfield code='a'>United States.</subfield>
        <subfield code='b'>Army.</subfield>
        <subfield code='b'>Army Intelligence &amp; Security Command</subfield>
        <subfield code='v'>Periodicals.</subfield>
      </datafield>
      <datafield ind1='1' ind2='7' tag='610'>
        <subfield code='a'>United States.</subfield>
        <subfield code='b'>Army.</subfield>
        <subfield code='b'>Army Intelligence &amp; Security Command.</subfield>
        <subfield code='2'>fast</subfield>
        <subfield code='0'>(OCoLC)fst00537874</subfield>
      </datafield>
      <datafield ind1=' ' ind2='0' tag='650'>
        <subfield code='a'>Military intelligence</subfield>
        <subfield code='z'>United States</subfield>
        <subfield code='v'>Periodicals.</subfield>
      </datafield>
      <datafield ind1=' ' ind2='7' tag='650'>
        <subfield code='a'>Military intelligence.</subfield>
        <subfield code='2'>fast</subfield>
        <subfield code='0'>(OCoLC)fst01021270</subfield>
      </datafield>
      <datafield ind1=' ' ind2='7' tag='651'>
        <subfield code='a'>United States.</subfield>
        <subfield code='2'>fast</subfield>
        <subfield code='0'>(OCoLC)fst01204155</subfield>
      </datafield>
      <datafield ind1=' ' ind2='7' tag='655'>
        <subfield code='a'>Periodicals.</subfield>
        <subfield code='2'>fast</subfield>
        <subfield code='0'>(OCoLC)fst01411641</subfield>
      </datafield>
      <datafield ind1='1' ind2=' ' tag='710'>
        <subfield code='a'>United States.</subfield>
        <subfield code='b'>Army.</subfield>
        <subfield code='b'>Army Intelligence &amp; Security Command.</subfield>
      </datafield>
      <datafield ind1='0' ind2='8' tag='776'>
        <subfield code='i'>Online version:</subfield>
        <subfield code='t'>INSCOM journal</subfield>
        <subfield code='w'>(OCoLC)855440806</subfield>
      </datafield>
      <datafield ind1='0' ind2='8' tag='776'>
        <subfield code='i'>Microfiche version:</subfield>
        <subfield code='t'>INSCOM journal</subfield>
        <subfield code='w'>(DLC)sn 92023578</subfield>
        <subfield code='w'>(OCoLC)17819699</subfield>
      </datafield>
      <datafield ind1='0' ind2='0' tag='780'>
        <subfield code='a'>United States. Army. Army Intelligence &amp; Security Command.</subfield>
        <subfield code='t'>Journal of the U.S. Army Intelligence &amp; Security Command</subfield>
        <subfield code='x'>0194-9527</subfield>
        <subfield code='w'>(DLC)   79644050</subfield>
        <subfield code='w'>(OCoLC)3454995</subfield>
      </datafield>
      <datafield ind1=' ' ind2=' ' tag='907'>
        <subfield code='a'>b3267545</subfield>
      </datafield>
      <datafield ind1='9' ind2='1' tag='999'>
        <subfield code='i'>i4641381</subfield>
        <subfield code='l'>dcpf</subfield>
        <subfield code='s'>o</subfield>
        <subfield code='t'>20</subfield>
        <subfield code='c'>1</subfield>
        <subfield code='o'>0</subfield>
        <subfield code='b'>HAXY-1280-00001</subfield>
        <subfield code='p'>086</subfield>
        <subfield code='q'>|aD 101.85:</subfield>
      </datafield>
      <datafield ind1='9' ind2='1' tag='999'>
        <subfield code='i'>i4641382</subfield>
        <subfield code='l'>dcpf</subfield>
        <subfield code='s'>o</subfield>
        <subfield code='t'>20</subfield>
        <subfield code='c'>1</subfield>
        <subfield code='o'>0</subfield>
        <subfield code='b'>HBJF-7036-00001</subfield>
        <subfield code='p'>086</subfield>
        <subfield code='q'>|aD 101.85:</subfield>
      </datafield>
      <datafield ind1='9' ind2='2' tag='999'>
        <subfield code='a'>c3419536</subfield>
        <subfield code='b'>dcpf</subfield>
        <subfield code='c'>0</subfield>
      </datafield>
      <datafield ind1='9' ind2='3' tag='999'>
        <subfield code='0'>c3419536</subfield>
        <subfield code='2'>852</subfield>
        <subfield code='3'>c</subfield>
        <subfield code='b'>553388</subfield>
        <subfield code='h'>D 101.85:</subfield>
        <subfield code='z'>For holdings, ask at Service Desk.</subfield>
      </datafield>
      <datafield ind1='9' ind2='3' tag='999'>
        <subfield code='0'>c3419536</subfield>
        <subfield code='2'>852</subfield>
        <subfield code='3'>e</subfield>
        <subfield code='p'>HAXY-1280-00001</subfield>
        <subfield code='t'>1</subfield>
      </datafield>
      <datafield ind1='9' ind2='2' tag='999'>
        <subfield code='a'>c3428902</subfield>
        <subfield code='b'>dcpf</subfield>
        <subfield code='c'>0</subfield>
      </datafield>
      <datafield ind1='9' ind2='3' tag='999'>
        <subfield code='0'>c3428902</subfield>
        <subfield code='2'>852</subfield>
        <subfield code='3'>c</subfield>
        <subfield code='b'>553388</subfield>
        <subfield code='g'>Microfiche</subfield>
        <subfield code='h'>D 101.85:</subfield>
        <subfield code='z'>For holdings, ask at Service Desk.</subfield>
      </datafield>
      <datafield ind1='9' ind2='3' tag='999'>
        <subfield code='0'>c3428902</subfield>
        <subfield code='2'>852</subfield>
        <subfield code='3'>e</subfield>
        <subfield code='p'>HBJF-7036-00001</subfield>
        <subfield code='t'>1</subfield>
      </datafield>
  </record>