
  <record>
    <leader>00000ccm a2200361Ia 4500</leader>
      <controlfield tag='008'>810911s19uu    gw ctc         n    ger d</controlfield>
      <controlfield tag='001'>7753581</controlfield>
      <controlfield tag='003'>OCoLC</controlfield>
      <controlfield tag='005'>20110811041816.0</controlfield>
      <datafield ind1='2' ind2='2' tag='028'>
        <subfield code='a'>J.S.B. I.123</subfield>
        <subfield code='b'>Breitkopf &amp; Härtel</subfield>
      </datafield>
      <datafield ind1=' ' ind2=' ' tag='035'>
        <subfield code='a'>(OCoLC)7753581</subfield>
      </datafield>
      <datafield ind1=' ' ind2=' ' tag='040'>
        <subfield code='a'>KSU</subfield>
        <subfield code='c'>KSU</subfield>
        <subfield code='d'>TXH</subfield>
        <subfield code='d'>GZM</subfield>
        <subfield code='d'>OCLCG</subfield>
        <subfield code='d'>NOC</subfield>
      </datafield>
      <datafield ind1=' ' ind2=' ' tag='049'>
        <subfield code='a'>OFC1</subfield>
      </datafield>
      <datafield ind1='1' ind2=' ' tag='100'>
        <subfield code='a'>Bach, Johann Sebastian,</subfield>
        <subfield code='d'>1685-1750.</subfield>
      </datafield>
      <datafield ind1='1' ind2='0' tag='240'>
        <subfield code='a'>Liebster Immanuel, Herzog der Frommen (Cantata).</subfield>
        <subfield code='s'>Vocal score</subfield>
      </datafield>
      <datafield ind1='1' ind2='0' tag='245'>
        <subfield code='a'>Kantate Nr. 123 :</subfield>
        <subfield code='b'>Liebster Immanuel, Herzog der Frommen (BWV 123) /</subfield>
        <subfield code='c'>[Johann Sebastian Bach].</subfield>
      </datafield>
      <datafield ind1='3' ind2='0' tag='246'>
        <subfield code='a'>Liebster Immanuel, Herzog der Frommen</subfield>
      </datafield>
      <datafield ind1=' ' ind2=' ' tag='260'>
        <subfield code='a'>Leipzig :</subfield>
        <subfield code='b'>Breitkopf &amp; Härtel,</subfield>
        <subfield code='c'>[19--]</subfield>
      </datafield>
      <datafield ind1=' ' ind2=' ' tag='300'>
        <subfield code='a'>1 vocal score (22 p.) ;</subfield>
        <subfield code='c'>27 cm.</subfield>
      </datafield>
      <datafield ind1=' ' ind2=' ' tag='500'>
        <subfield code='a'>For solo voices (ATB), chorus (SATB) and orchestra; acc. arr. for piano.</subfield>
      </datafield>
      <datafield ind1=' ' ind2=' ' tag='500'>
        <subfield code='a'>Cover title.</subfield>
      </datafield>
      <datafield ind1=' ' ind2=' ' tag='500'>
        <subfield code='a'>&quot;Joh. Seb. Bachs Werke.&quot;</subfield>
      </datafield>
      <datafield ind1=' ' ind2=' ' tag='546'>
        <subfield code='a'>German words.</subfield>
      </datafield>
      <datafield ind1=' ' ind2='0' tag='650'>
        <subfield code='a'>Cantatas, Sacred</subfield>
        <subfield code='v'>Vocal scores with piano.</subfield>
      </datafield>
      <datafield ind1=' ' ind2='7' tag='655'>
        <subfield code='a'>Epiphany music.</subfield>
        <subfield code='2'>lcgft</subfield>
      </datafield>
      <datafield ind1='1' ind2=' ' tag='700'>
        <subfield code='a'>Bach, Johann Sebastian,</subfield>
        <subfield code='d'>1685-1750.</subfield>
        <subfield code='t'>Works.</subfield>
        <subfield code='f'>1851.</subfield>
      </datafield>
      <datafield ind1='1' ind2=' ' tag='800'>
        <subfield code='a'>Bach, Johann Sebastian,</subfield>
        <subfield code='d'>1685-1750.</subfield>
        <subfield code='t'>Cantatas.</subfield>
        <subfield code='k'>Selections (Kirchenkantaten).</subfield>
        <subfield code='s'>Vocal scores ;</subfield>
        <subfield code='v'>Nr. 123.</subfield>
      </datafield>
      <datafield ind1=' ' ind2=' ' tag='907'>
        <subfield code='a'>b6803611</subfield>
      </datafield>
      <datafield ind1='9' ind2='1' tag='999'>
        <subfield code='i'>i9138955</subfield>
        <subfield code='l'>mmda</subfield>
        <subfield code='s'>-</subfield>
        <subfield code='t'>45</subfield>
        <subfield code='c'>1</subfield>
        <subfield code='o'>0</subfield>
        <subfield code='b'>00033515125</subfield>
        <subfield code='p'>090</subfield>
        <subfield code='q'>|aM2023|b.B12 S.123 1900z</subfield>
      </datafield>
  </record>