
  <record>
    <leader>00000cam  22003974a 4500</leader>
      <controlfield tag='008'>070306s2008    nyua     b    001 0 eng  </controlfield>
      <controlfield tag='001'>85833360</controlfield>
      <controlfield tag='003'>OCoLC</controlfield>
      <controlfield tag='005'>20071207111728.0</controlfield>
      <datafield ind1=' ' ind2=' ' tag='010'>
        <subfield code='a'>2007009501</subfield>
      </datafield>
      <datafield ind1=' ' ind2=' ' tag='020'>
        <subfield code='a'>9780415978644 (hardback : alk. paper)</subfield>
      </datafield>
      <datafield ind1=' ' ind2=' ' tag='020'>
        <subfield code='a'>0415978645 (hardback : alk. paper)</subfield>
      </datafield>
      <datafield ind1=' ' ind2=' ' tag='035'>
        <subfield code='a'>(OCoLC)85833360</subfield>
      </datafield>
      <datafield ind1=' ' ind2=' ' tag='040'>
        <subfield code='a'>DLC</subfield>
        <subfield code='c'>DLC</subfield>
        <subfield code='d'>BAKER</subfield>
        <subfield code='d'>BTCTA</subfield>
        <subfield code='d'>C#P</subfield>
        <subfield code='d'>YDXCP</subfield>
        <subfield code='d'>BWX</subfield>
      </datafield>
      <datafield ind1=' ' ind2=' ' tag='043'>
        <subfield code='a'>e-ru---</subfield>
        <subfield code='a'>e-ur---</subfield>
      </datafield>
      <datafield ind1=' ' ind2=' ' tag='049'>
        <subfield code='a'>NOCC</subfield>
      </datafield>
      <datafield ind1='0' ind2='0' tag='050'>
        <subfield code='a'>PG3190</subfield>
        <subfield code='b'>.R85 2008</subfield>
      </datafield>
      <datafield ind1='0' ind2='0' tag='082'>
        <subfield code='a'>891.709/9282</subfield>
        <subfield code='2'>22</subfield>
      </datafield>
      <datafield ind1='0' ind2='0' tag='245'>
        <subfield code='a'>Russian children&apos;s literature and culture /</subfield>
        <subfield code='c'>edited by Marina Balina and Larissa Rudova.</subfield>
      </datafield>
      <datafield ind1=' ' ind2=' ' tag='260'>
        <subfield code='a'>New York :</subfield>
        <subfield code='b'>Routledge,</subfield>
        <subfield code='c'>c2008.</subfield>
      </datafield>
      <datafield ind1=' ' ind2=' ' tag='300'>
        <subfield code='a'>xvii, 390 p. :</subfield>
        <subfield code='b'>ill. ;</subfield>
        <subfield code='c'>24 cm.</subfield>
      </datafield>
      <datafield ind1=' ' ind2=' ' tag='504'>
        <subfield code='a'>Includes bibliographical references (p. 347-368) and index.</subfield>
      </datafield>
      <datafield ind1='0' ind2=' ' tag='505'>
        <subfield code='a'>Creativity through restraint : the beginnings of Soviet children&apos;s literature / Marina Balina -- From character- building to criminal pursuits : Russian children&apos;s literature in transition / Larissa Rudova -- The school tale in children&apos;s literature of socialist realism / Evgeny Dobrenko -- Between Sputnik and Gagarin : space flight, children&apos;s periodicals, and the circle of imagination / Anindita Banerjee -- Crafting the self : narratives of prerevolutionary childhood in Soviet literature / Marina Balina -- Literature and cultural institutions by and for Soviet and post-Soviet youth / Lisa Ryoko Wakamiya -- Arresting development : a brief history of Soviet cinema for children and adolescents / Alexander Prokhorov -- Comforting creatures in children&apos;s cartoons / Birgit Beumers -- Juggernaut in drag : theater for Stalin&apos;s children / Boris Wolfson  -- &quot;Nice, instructive stories their psychology can grasp&quot; : how to read post-Soviet Russian children&apos;s comics / Jose Alaniz -- Samuil Marshak : yesterday and today / Ben Hellman -- Lev Kassil : childhood as religion and ideology / Inessa Medzhibovskaya -- Pavel Bazhov&apos;s skazy : discovering the Soviet uncanny / Mark Lipovetsky -- A traditionalist in the land of innovators : the paradoxes of Sergei Mikhalkov / Elena Prokhorova -- Evgenii Shvarts&apos;s fairy tale dramas : theater, power, and the naked truth / Anja Tippner -- Invitation to a subversion : the playful literature of Grigorii Oster / Larissa Rudova.</subfield>
      </datafield>
      <datafield ind1=' ' ind2='0' tag='650'>
        <subfield code='a'>Children&apos;s literature, Soviet</subfield>
        <subfield code='x'>History and criticism.</subfield>
      </datafield>
      <datafield ind1=' ' ind2='0' tag='650'>
        <subfield code='a'>Children&apos;s literature, Russian</subfield>
        <subfield code='x'>History and criticism.</subfield>
      </datafield>
      <datafield ind1=' ' ind2='0' tag='650'>
        <subfield code='a'>Children</subfield>
        <subfield code='x'>Books and reading</subfield>
        <subfield code='z'>Soviet Union.</subfield>
      </datafield>
      <datafield ind1=' ' ind2='0' tag='650'>
        <subfield code='a'>Children</subfield>
        <subfield code='x'>Books and reading</subfield>
        <subfield code='z'>Russia (Federation)</subfield>
      </datafield>
      <datafield ind1=' ' ind2='0' tag='650'>
        <subfield code='a'>Children&apos;s films</subfield>
        <subfield code='x'>History and criticism.</subfield>
      </datafield>
      <datafield ind1='1' ind2=' ' tag='700'>
        <subfield code='a'>Balina, Marina.</subfield>
      </datafield>
      <datafield ind1='1' ind2=' ' tag='700'>
        <subfield code='a'>Rudova, Larissa,</subfield>
        <subfield code='d'>1953-</subfield>
      </datafield>
      <datafield ind1=' ' ind2='0' tag='830'>
        <subfield code='a'>Children&apos;s literature and culture.</subfield>
      </datafield>
      <datafield ind1='4' ind2='8' tag='856'>
        <subfield code='3'>Table of contents only</subfield>
        <subfield code='u'>http://www.loc.gov/catdir/toc/ecip0712/2007009501.html</subfield>
      </datafield>
      <datafield ind1=' ' ind2=' ' tag='907'>
        <subfield code='a'>b5303245</subfield>
      </datafield>
      <datafield ind1='9' ind2='1' tag='999'>
        <subfield code='i'>i7004535</subfield>
        <subfield code='l'>ddda</subfield>
        <subfield code='s'>!</subfield>
        <subfield code='t'>0</subfield>
        <subfield code='c'>1</subfield>
        <subfield code='o'>6</subfield>
        <subfield code='b'>00030254297</subfield>
        <subfield code='p'>050</subfield>
        <subfield code='q'>|aPG3190|b.R85 2008</subfield>
      </datafield>
  </record>