
  <record>
    <leader>00000cam  22001818a 4500</leader>
      <controlfield tag='008'>880212s1987    scu          s000 0 eng  </controlfield>
      <controlfield tag='001'>16406133</controlfield>
      <controlfield tag='005'>19880212000000.0</controlfield>
      <datafield ind1=' ' ind2=' ' tag='010'>
        <subfield code='a'>87020574</subfield>
      </datafield>
      <datafield ind1=' ' ind2=' ' tag='020'>
        <subfield code='a'>0872495264</subfield>
      </datafield>
      <datafield ind1=' ' ind2=' ' tag='020'>
        <subfield code='a'>0872495272 (pbk.)</subfield>
      </datafield>
      <datafield ind1=' ' ind2=' ' tag='040'>
        <subfield code='a'>DLC</subfield>
        <subfield code='c'>DLC</subfield>
        <subfield code='d'>NOC</subfield>
      </datafield>
      <datafield ind1='0' ind2=' ' tag='082'>
        <subfield code='a'>811/.54/08</subfield>
        <subfield code='2'>19</subfield>
      </datafield>
      <datafield ind1='0' ind2='0' tag='245'>
        <subfield code='a'>From the green horseshoe :</subfield>
        <subfield code='b'>poems /</subfield>
        <subfield code='c'>by James Dickey&apos;s students.</subfield>
      </datafield>
      <datafield ind1=' ' ind2=' ' tag='260'>
        <subfield code='a'>Columbia :</subfield>
        <subfield code='b'>University of South Carolina Press,</subfield>
        <subfield code='c'>c1987.</subfield>
      </datafield>
      <datafield ind1=' ' ind2=' ' tag='300'>
        <subfield code='a'>x, 163 p. ;</subfield>
        <subfield code='c'>25 cm.</subfield>
      </datafield>
      <datafield ind1=' ' ind2='0' tag='650'>
        <subfield code='a'>American poetry</subfield>
        <subfield code='y'>20th century.</subfield>
      </datafield>
      <datafield ind1='1' ind2=' ' tag='700'>
        <subfield code='a'>Dickey, James.</subfield>
      </datafield>
      <datafield ind1=' ' ind2=' ' tag='907'>
        <subfield code='a'>b2200754</subfield>
      </datafield>
      <datafield ind1='9' ind2='1' tag='999'>
        <subfield code='i'>i3172543</subfield>
        <subfield code='l'>ddda</subfield>
        <subfield code='s'>-</subfield>
        <subfield code='t'>0</subfield>
        <subfield code='c'>1</subfield>
        <subfield code='o'>0</subfield>
        <subfield code='b'>00004563181</subfield>
        <subfield code='p'>090</subfield>
        <subfield code='q'>|aPS615 .F73 1987</subfield>
      </datafield>
  </record>