
  <record>
    <leader>00000nam  22002891a 4500</leader>
      <controlfield tag='006'>m        d</controlfield>
      <controlfield tag='008'>081013s1840    dcu     s    f000 0 eng d</controlfield>
      <controlfield tag='007'>cr un mmmapmmp</controlfield>
      <controlfield tag='001'>cis2004295609</controlfield>
      <datafield ind1=' ' ind2=' ' tag='040'>
        <subfield code='a'>UMI</subfield>
        <subfield code='c'>UMI</subfield>
      </datafield>
      <datafield ind1='1' ind2=' ' tag='110'>
        <subfield code='a'>United States.</subfield>
        <subfield code='b'>Congress.</subfield>
        <subfield code='b'>Senate.</subfield>
        <subfield code='b'>Committee on Public Lands.</subfield>
      </datafield>
      <datafield ind1='1' ind2='0' tag='245'>
        <subfield code='a'>Petition of Zadoc Martin, praying to be allowed a pre-emption right to a tract of land</subfield>
        <subfield code='h'>[electronic resource].</subfield>
      </datafield>
      <datafield ind1='1' ind2=' ' tag='246'>
        <subfield code='a'>Zadock Martin, praying to be allowed pre-emption right to tract of land</subfield>
      </datafield>
      <datafield ind1=' ' ind2=' ' tag='260'>
        <subfield code='a'>Washington :</subfield>
        <subfield code='b'>[s.n.],</subfield>
        <subfield code='c'>1840.</subfield>
      </datafield>
      <datafield ind1=' ' ind2=' ' tag='300'>
        <subfield code='a'>6 p. :</subfield>
        <subfield code='b'>digital, PDF file.</subfield>
      </datafield>
      <datafield ind1=' ' ind2=' ' tag='500'>
        <subfield code='a'>Doc-No: S.doc.206</subfield>
      </datafield>
      <datafield ind1='1' ind2=' ' tag='506'>
        <subfield code='a'>Access limited to UNC Chapel Hill-authenticated users.</subfield>
        <subfield code='f'>Unlimited simultaneous users</subfield>
      </datafield>
      <datafield ind1='1' ind2=' ' tag='506'>
        <subfield code='a'>Reuse except for individual research requires license from ProQuest, LLC.</subfield>
      </datafield>
      <datafield ind1='0' ind2=' ' tag='588'>
        <subfield code='a'>Bibliographic data in ProQuest U.S. Serial Set Digital Collection (last viewed Oct. 2008).</subfield>
      </datafield>
      <datafield ind1='1' ind2='0' tag='610'>
        <subfield code='a'>United States.</subfield>
        <subfield code='b'>Congress</subfield>
        <subfield code='v'>Private bills.</subfield>
      </datafield>
      <datafield ind1=' ' ind2='0' tag='650'>
        <subfield code='a'>Bills, Private</subfield>
        <subfield code='z'>United States.</subfield>
      </datafield>
      <datafield ind1=' ' ind2='0' tag='651'>
        <subfield code='a'>United States</subfield>
        <subfield code='x'>Claims.</subfield>
      </datafield>
      <datafield ind1='0' ind2=' ' tag='773'>
        <subfield code='t'>ProQuest U.S. serial set (online collection). 1, 1789-1969. Monographs</subfield>
      </datafield>
      <datafield ind1='4' ind2='0' tag='856'>
        <subfield code='u'>http://libproxy.lib.unc.edu/login?url=http://congressional.proquest.com/congcomp/getdoc?SERIAL-SET-ID=358+S.doc.206</subfield>
        <subfield code='y'>Full text available via the UNC-Chapel Hill Libraries</subfield>
      </datafield>
      <datafield ind1=' ' ind2=' ' tag='907'>
        <subfield code='a'>b5787196</subfield>
      </datafield>
  </record>