
  <record>
    <leader>00000cam a2200421 i 4500</leader>
      <controlfield tag='008'>111202s2011    enkab    b    000 0 eng c</controlfield>
      <controlfield tag='001'>766429642</controlfield>
      <controlfield tag='003'>OCoLC</controlfield>
      <controlfield tag='005'>20120208113657.0</controlfield>
      <datafield ind1=' ' ind2=' ' tag='020'>
        <subfield code='a'>1407308629</subfield>
      </datafield>
      <datafield ind1=' ' ind2=' ' tag='020'>
        <subfield code='a'>9781407308623</subfield>
      </datafield>
      <datafield ind1=' ' ind2=' ' tag='035'>
        <subfield code='a'>(OCoLC)766429642</subfield>
      </datafield>
      <datafield ind1=' ' ind2=' ' tag='040'>
        <subfield code='a'>YDXCP</subfield>
        <subfield code='b'>eng</subfield>
        <subfield code='c'>YDXCP</subfield>
        <subfield code='d'>BWK</subfield>
        <subfield code='e'>rda</subfield>
        <subfield code='d'>CGU</subfield>
        <subfield code='d'>UKMGB</subfield>
        <subfield code='d'>ERASA</subfield>
        <subfield code='d'>CDX</subfield>
      </datafield>
      <datafield ind1=' ' ind2=' ' tag='042'>
        <subfield code='a'>pcc</subfield>
      </datafield>
      <datafield ind1=' ' ind2=' ' tag='049'>
        <subfield code='a'>NOCC</subfield>
      </datafield>
      <datafield ind1=' ' ind2='4' tag='050'>
        <subfield code='a'>DT73.M257</subfield>
        <subfield code='b'>B594 2011</subfield>
      </datafield>
      <datafield ind1='0' ind2='4' tag='082'>
        <subfield code='a'>932</subfield>
      </datafield>
      <datafield ind1='1' ind2=' ' tag='100'>
        <subfield code='a'>Blue, Lucy Katherine.</subfield>
      </datafield>
      <datafield ind1='1' ind2='2' tag='245'>
        <subfield code='a'>A multidisciplinary approach to Alexandra&apos;s economic past :</subfield>
        <subfield code='b'>the Lake Mareotis research project /</subfield>
        <subfield code='c'>Lucy Blue, Emad Khalil, assisted by Athena Trakadas.</subfield>
      </datafield>
      <datafield ind1=' ' ind2=' ' tag='260'>
        <subfield code='a'>Oxford :</subfield>
        <subfield code='b'>Archaeopress,</subfield>
        <subfield code='c'>2011.</subfield>
      </datafield>
      <datafield ind1=' ' ind2=' ' tag='300'>
        <subfield code='a'>xviii, 313 pages :</subfield>
        <subfield code='b'>illustrations, maps ;</subfield>
        <subfield code='c'>30 cm.</subfield>
      </datafield>
      <datafield ind1=' ' ind2=' ' tag='336'>
        <subfield code='a'>text</subfield>
        <subfield code='2'>rdacontent</subfield>
      </datafield>
      <datafield ind1=' ' ind2=' ' tag='337'>
        <subfield code='a'>unmediated</subfield>
        <subfield code='2'>rdamedia</subfield>
      </datafield>
      <datafield ind1=' ' ind2=' ' tag='338'>
        <subfield code='a'>volume</subfield>
        <subfield code='2'>rdacarrier</subfield>
      </datafield>
      <datafield ind1=' ' ind2='0' tag='651'>
        <subfield code='a'>Maryūt, Lake (Egypt)</subfield>
        <subfield code='x'>Antiquities.</subfield>
      </datafield>
      <datafield ind1=' ' ind2='0' tag='651'>
        <subfield code='a'>Alexandria (Egypt)</subfield>
        <subfield code='x'>Antiquities.</subfield>
      </datafield>
      <datafield ind1='1' ind2=' ' tag='700'>
        <subfield code='a'>Khalil, Emad.</subfield>
      </datafield>
      <datafield ind1=' ' ind2='0' tag='830'>
        <subfield code='a'>BAR international series ;</subfield>
        <subfield code='v'>2285.</subfield>
      </datafield>
      <datafield ind1=' ' ind2='0' tag='830'>
        <subfield code='a'>BAR international series.</subfield>
        <subfield code='p'>University of Southampton series in archaeology ;</subfield>
        <subfield code='v'>no. 5.</subfield>
      </datafield>
      <datafield ind1=' ' ind2=' ' tag='907'>
        <subfield code='a'>b7029313</subfield>
      </datafield>
      <datafield ind1='9' ind2='1' tag='999'>
        <subfield code='i'>i9458685</subfield>
        <subfield code='l'>dddb</subfield>
        <subfield code='s'>-</subfield>
        <subfield code='t'>0</subfield>
        <subfield code='c'>1</subfield>
        <subfield code='o'>2</subfield>
        <subfield code='b'>00042801904</subfield>
        <subfield code='p'>050</subfield>
        <subfield code='q'>|aDT73.M257|bB594 2011</subfield>
      </datafield>
  </record>