
  <record>
    <leader>00000cam  2200313Ia 4500</leader>
      <controlfield tag='008'>100727s2010    gw c     b    100 0 ger d</controlfield>
      <controlfield tag='001'>650248511</controlfield>
      <controlfield tag='003'>OCoLC</controlfield>
      <controlfield tag='005'>20100901105343.0</controlfield>
      <datafield ind1=' ' ind2=' ' tag='019'>
        <subfield code='a'>650110925</subfield>
      </datafield>
      <datafield ind1=' ' ind2=' ' tag='020'>
        <subfield code='a'>9783835305137</subfield>
      </datafield>
      <datafield ind1=' ' ind2=' ' tag='020'>
        <subfield code='a'>3835305131</subfield>
      </datafield>
      <datafield ind1=' ' ind2=' ' tag='035'>
        <subfield code='a'>(OCoLC)650248511</subfield>
        <subfield code='z'>(OCoLC)650110925</subfield>
      </datafield>
      <datafield ind1=' ' ind2=' ' tag='040'>
        <subfield code='a'>TJC</subfield>
        <subfield code='c'>TJC</subfield>
        <subfield code='d'>N15</subfield>
        <subfield code='d'>NOC</subfield>
      </datafield>
      <datafield ind1=' ' ind2=' ' tag='049'>
        <subfield code='a'>NOCC</subfield>
      </datafield>
      <datafield ind1=' ' ind2='7' tag='072'>
        <subfield code='a'>PT</subfield>
        <subfield code='2'>lcco</subfield>
      </datafield>
      <datafield ind1='0' ind2='0' tag='245'>
        <subfield code='a'>Frauen um Stefan George /</subfield>
        <subfield code='c'>hrsg. von Ute Oelmann und Ulrich Raulff.</subfield>
      </datafield>
      <datafield ind1=' ' ind2=' ' tag='260'>
        <subfield code='a'>Göttingen :</subfield>
        <subfield code='b'>Wallstein,</subfield>
        <subfield code='c'>2010</subfield>
      </datafield>
      <datafield ind1=' ' ind2=' ' tag='300'>
        <subfield code='a'>293 p. :</subfield>
        <subfield code='b'>ports. ;</subfield>
        <subfield code='c'>23 cm</subfield>
      </datafield>
      <datafield ind1=' ' ind2=' ' tag='504'>
        <subfield code='a'>Includes bibliographical references.</subfield>
      </datafield>
      <datafield ind1='1' ind2='0' tag='600'>
        <subfield code='a'>George, Stefan,</subfield>
        <subfield code='d'>1868-1933</subfield>
        <subfield code='x'>Relations with women</subfield>
        <subfield code='v'>Congresses.</subfield>
      </datafield>
      <datafield ind1='1' ind2=' ' tag='700'>
        <subfield code='a'>Oelmann, Ute Maria.</subfield>
      </datafield>
      <datafield ind1='1' ind2=' ' tag='700'>
        <subfield code='a'>Raulff, Ulrich,</subfield>
        <subfield code='d'>1950-</subfield>
      </datafield>
      <datafield ind1=' ' ind2='0' tag='830'>
        <subfield code='a'>Castrum Peregrini ;</subfield>
        <subfield code='v'>n.F., Bd. 3.</subfield>
      </datafield>
      <datafield ind1=' ' ind2=' ' tag='907'>
        <subfield code='a'>b6367772</subfield>
      </datafield>
      <datafield ind1='9' ind2='1' tag='999'>
        <subfield code='i'>i8388983</subfield>
        <subfield code='l'>ddda</subfield>
        <subfield code='s'>-</subfield>
        <subfield code='t'>0</subfield>
        <subfield code='c'>1</subfield>
        <subfield code='o'>0</subfield>
        <subfield code='b'>00039061111</subfield>
        <subfield code='p'>090</subfield>
        <subfield code='q'>|aPT2613.E47|bZ626 2010</subfield>
      </datafield>
  </record>