
  <record>
    <leader>00000cam  2200229I  4500</leader>
      <controlfield tag='008'>720103s1940    pauab    b    000 0 eng  </controlfield>
      <controlfield tag='001'>190079</controlfield>
      <controlfield tag='005'>19970516172131.0</controlfield>
      <datafield ind1=' ' ind2=' ' tag='010'>
        <subfield code='a'>40033613</subfield>
      </datafield>
      <datafield ind1=' ' ind2=' ' tag='040'>
        <subfield code='a'>DLC</subfield>
        <subfield code='c'>CWR</subfield>
        <subfield code='d'>OCL</subfield>
      </datafield>
      <datafield ind1=' ' ind2=' ' tag='050'>
        <subfield code='a'>F153</subfield>
        <subfield code='b'>.K54</subfield>
      </datafield>
      <datafield ind1='1' ind2=' ' tag='100'>
        <subfield code='a'>Klein, Philip Shriver,</subfield>
        <subfield code='d'>1909-1993.</subfield>
      </datafield>
      <datafield ind1='1' ind2='0' tag='245'>
        <subfield code='a'>Pennsylvania politics, 1817-1832;</subfield>
        <subfield code='b'>a game without rules,</subfield>
        <subfield code='c'>by Philip Shriver Klein.</subfield>
      </datafield>
      <datafield ind1=' ' ind2=' ' tag='260'>
        <subfield code='a'>Philadelphia,</subfield>
        <subfield code='b'>Published under the Lamberton fund, the Historical society of Pennsylvania,</subfield>
        <subfield code='c'>1940.</subfield>
      </datafield>
      <datafield ind1=' ' ind2=' ' tag='300'>
        <subfield code='a'>viii, 430  p.</subfield>
        <subfield code='b'>illus.  maps.  tables.</subfield>
      </datafield>
      <datafield ind1=' ' ind2=' ' tag='502'>
        <subfield code='a'>Thesis (Ph. D.) University of Pennsylvania, 1940.</subfield>
      </datafield>
      <datafield ind1=' ' ind2=' ' tag='504'>
        <subfield code='a'>Bibliography: p. 369-390.</subfield>
      </datafield>
      <datafield ind1=' ' ind2='0' tag='651'>
        <subfield code='a'>Pennsylvania</subfield>
        <subfield code='x'>Politics and government</subfield>
        <subfield code='y'>1775-1865.</subfield>
      </datafield>
      <datafield ind1=' ' ind2=' ' tag='907'>
        <subfield code='a'>b3016946</subfield>
      </datafield>
      <datafield ind1='9' ind2='1' tag='999'>
        <subfield code='i'>i4292443</subfield>
        <subfield code='l'>trln</subfield>
        <subfield code='s'>-</subfield>
        <subfield code='t'>0</subfield>
        <subfield code='c'>1</subfield>
        <subfield code='o'>2</subfield>
        <subfield code='b'>10001075569</subfield>
        <subfield code='p'>092</subfield>
        <subfield code='q'>|a974.8 K64p</subfield>
      </datafield>
  </record>