
  <record>
    <leader>00000cam a2200409 i 4500</leader>
      <controlfield tag='008'>161115t20172017gw       b    001 0 eng  </controlfield>
      <controlfield tag='001'>966274586</controlfield>
      <controlfield tag='003'>OCoLC</controlfield>
      <controlfield tag='005'>20170418122504.0</controlfield>
      <datafield ind1=' ' ind2=' ' tag='010'>
        <subfield code='a'>2016052514</subfield>
      </datafield>
      <datafield ind1=' ' ind2=' ' tag='020'>
        <subfield code='a'>9783631669204</subfield>
        <subfield code='q'>hardback</subfield>
      </datafield>
      <datafield ind1=' ' ind2=' ' tag='020'>
        <subfield code='a'>3631669208</subfield>
        <subfield code='q'>hardback</subfield>
      </datafield>
      <datafield ind1=' ' ind2=' ' tag='035'>
        <subfield code='a'>(OCoLC)966274586</subfield>
      </datafield>
      <datafield ind1=' ' ind2=' ' tag='040'>
        <subfield code='a'>DLC</subfield>
        <subfield code='b'>eng</subfield>
        <subfield code='e'>rda</subfield>
        <subfield code='c'>DLC</subfield>
        <subfield code='d'>OCLCO</subfield>
        <subfield code='d'>BTCTA</subfield>
        <subfield code='d'>OCLCF</subfield>
        <subfield code='d'>YDX</subfield>
        <subfield code='d'>ERASA</subfield>
        <subfield code='d'>YDX</subfield>
        <subfield code='d'>OCLCO</subfield>
      </datafield>
      <datafield ind1=' ' ind2=' ' tag='042'>
        <subfield code='a'>pcc</subfield>
      </datafield>
      <datafield ind1='0' ind2='0' tag='050'>
        <subfield code='a'>BC181</subfield>
        <subfield code='b'>.P45 2017</subfield>
      </datafield>
      <datafield ind1='0' ind2='0' tag='082'>
        <subfield code='a'>160</subfield>
        <subfield code='2'>23</subfield>
      </datafield>
      <datafield ind1='0' ind2='0' tag='245'>
        <subfield code='a'>Philosophy and logic of predication /</subfield>
        <subfield code='c'>Piotr Stalmaszczyk (ed.).</subfield>
      </datafield>
      <datafield ind1=' ' ind2='1' tag='264'>
        <subfield code='a'>Frankfurt am Main ;</subfield>
        <subfield code='a'>New York, NY :</subfield>
        <subfield code='b'>Peter Lang,</subfield>
        <subfield code='c'>[2017]</subfield>
      </datafield>
      <datafield ind1=' ' ind2='4' tag='264'>
        <subfield code='c'>©2017</subfield>
      </datafield>
      <datafield ind1=' ' ind2=' ' tag='300'>
        <subfield code='a'>273 pages ;</subfield>
        <subfield code='c'>22 cm.</subfield>
      </datafield>
      <datafield ind1=' ' ind2=' ' tag='336'>
        <subfield code='a'>text</subfield>
        <subfield code='b'>txt</subfield>
        <subfield code='2'>rdacontent</subfield>
      </datafield>
      <datafield ind1=' ' ind2=' ' tag='337'>
        <subfield code='a'>unmediated</subfield>
        <subfield code='b'>n</subfield>
        <subfield code='2'>rdamedia</subfield>
      </datafield>
      <datafield ind1=' ' ind2=' ' tag='338'>
        <subfield code='a'>volume</subfield>
        <subfield code='b'>nc</subfield>
        <subfield code='2'>rdacarrier</subfield>
      </datafield>
      <datafield ind1=' ' ind2=' ' tag='504'>
        <subfield code='a'>Includes bibliographical references and index.</subfield>
      </datafield>
      <datafield ind1='8' ind2=' ' tag='520'>
        <subfield code='a'>This book investigates philosophical and formal approaches to predication. The topics discussed include Aristotelian predication, a conceptualist approach to predication, possible formalizations of the notion, Fregean predicates and concepts, and Meinongian predication. The contributions discuss the approaches proposed by Aristotle and Frege, as well as the division of classes into a hierarchy of orders. They reanalyze the traditional notions, and offer new insights into predication theory. This book contributes to contemporary debates on predication and predicates in the philosophy of language.</subfield>
      </datafield>
      <datafield ind1=' ' ind2='0' tag='650'>
        <subfield code='a'>Predicate (Logic)</subfield>
      </datafield>
      <datafield ind1=' ' ind2='7' tag='650'>
        <subfield code='a'>Predicate (Logic)</subfield>
        <subfield code='2'>fast</subfield>
        <subfield code='0'>(OCoLC)fst01075020</subfield>
      </datafield>
      <datafield ind1='1' ind2=' ' tag='700'>
        <subfield code='a'>Stalmaszczyk, Piotr,</subfield>
        <subfield code='e'>editor.</subfield>
      </datafield>
      <datafield ind1=' ' ind2='0' tag='830'>
        <subfield code='a'>Studies in philosophy of language and linguistics ;</subfield>
        <subfield code='v'>7.</subfield>
      </datafield>
      <datafield ind1=' ' ind2=' ' tag='907'>
        <subfield code='a'>b8785550</subfield>
      </datafield>
      <datafield ind1='9' ind2='1' tag='999'>
        <subfield code='i'>i11367892</subfield>
        <subfield code='l'>ddda</subfield>
        <subfield code='s'>-</subfield>
        <subfield code='t'>0</subfield>
        <subfield code='c'>1</subfield>
        <subfield code='o'>0</subfield>
        <subfield code='b'>00051286516</subfield>
        <subfield code='p'>050</subfield>
        <subfield code='q'>|aBC181|b.P45 2017</subfield>
      </datafield>
  </record>