
  <record>
    <leader>00000cam a2200457Ii 4500</leader>
      <controlfield tag='008'>150902s2015    ht       b    000 e fre d</controlfield>
      <controlfield tag='001'>930995389</controlfield>
      <controlfield tag='003'>OCoLC</controlfield>
      <controlfield tag='005'>20160909034713.0</controlfield>
      <datafield ind1=' ' ind2=' ' tag='020'>
        <subfield code='a'>9789997044105</subfield>
      </datafield>
      <datafield ind1=' ' ind2=' ' tag='020'>
        <subfield code='a'>999704410X</subfield>
      </datafield>
      <datafield ind1=' ' ind2=' ' tag='035'>
        <subfield code='a'>(OCoLC)930995389</subfield>
      </datafield>
      <datafield ind1=' ' ind2=' ' tag='040'>
        <subfield code='a'>HUL</subfield>
        <subfield code='b'>eng</subfield>
        <subfield code='e'>rda</subfield>
        <subfield code='c'>HUL</subfield>
        <subfield code='d'>EYM</subfield>
        <subfield code='d'>OCLCO</subfield>
        <subfield code='d'>OCLCF</subfield>
        <subfield code='d'>ZCU</subfield>
        <subfield code='d'>OCLCQ</subfield>
        <subfield code='d'>EMU</subfield>
        <subfield code='d'>OCL</subfield>
        <subfield code='d'>NOC</subfield>
      </datafield>
      <datafield ind1=' ' ind2=' ' tag='043'>
        <subfield code='a'>nwht---</subfield>
      </datafield>
      <datafield ind1=' ' ind2=' ' tag='049'>
        <subfield code='a'>NOCC</subfield>
      </datafield>
      <datafield ind1=' ' ind2='4' tag='050'>
        <subfield code='a'>F1928.2</subfield>
        <subfield code='b'>.T68 2015</subfield>
      </datafield>
      <datafield ind1='1' ind2=' ' tag='100'>
        <subfield code='a'>Toussaint, Hérold.</subfield>
      </datafield>
      <datafield ind1='1' ind2='3' tag='245'>
        <subfield code='a'>Le courage d&apos;habiter Haïti au XXIe siècle :</subfield>
        <subfield code='b'>la vocation de l&apos;universitaire citoyen /</subfield>
        <subfield code='c'>Hérold Toussaint.</subfield>
      </datafield>
      <datafield ind1='3' ind2=' ' tag='246'>
        <subfield code='a'>Courage d&apos;habiter Haïti au 21e siècle</subfield>
      </datafield>
      <datafield ind1=' ' ind2='1' tag='264'>
        <subfield code='a'>[Haïti] :</subfield>
        <subfield code='b'>[publisher not identified],</subfield>
        <subfield code='c'>2015.</subfield>
      </datafield>
      <datafield ind1=' ' ind2='3' tag='264'>
        <subfield code='a'>Port-au-Prince, Haïti :</subfield>
        <subfield code='b'>Imprimerie Henri Deschamps</subfield>
      </datafield>
      <datafield ind1=' ' ind2=' ' tag='300'>
        <subfield code='a'>231 pages ;</subfield>
        <subfield code='c'>22 cm</subfield>
      </datafield>
      <datafield ind1=' ' ind2=' ' tag='336'>
        <subfield code='a'>text</subfield>
        <subfield code='b'>txt</subfield>
        <subfield code='2'>rdacontent</subfield>
      </datafield>
      <datafield ind1=' ' ind2=' ' tag='337'>
        <subfield code='a'>unmediated</subfield>
        <subfield code='b'>n</subfield>
        <subfield code='2'>rdamedia</subfield>
      </datafield>
      <datafield ind1=' ' ind2=' ' tag='338'>
        <subfield code='a'>volume</subfield>
        <subfield code='b'>nc</subfield>
        <subfield code='2'>rdacarrier</subfield>
      </datafield>
      <datafield ind1=' ' ind2=' ' tag='504'>
        <subfield code='a'>Includes bibliographical references (pages 201-210).</subfield>
      </datafield>
      <datafield ind1=' ' ind2=' ' tag='520'>
        <subfield code='a'>Sociological essay on the Haitian citizenry and the repeated reconstructing of Haiti despite the many social, political and natural catastrophes it has faced since its independence in 1804. A thought provoking essay from Hérold Toussaint, professor of sociology at the Université d&apos;État d&apos;Haïti and visiting professor at the Université Laval.</subfield>
      </datafield>
      <datafield ind1=' ' ind2='7' tag='648'>
        <subfield code='a'>Since 1971</subfield>
        <subfield code='2'>fast</subfield>
      </datafield>
      <datafield ind1=' ' ind2='7' tag='650'>
        <subfield code='a'>Politics and government.</subfield>
        <subfield code='2'>fast</subfield>
        <subfield code='0'>(OCoLC)fst01919741</subfield>
      </datafield>
      <datafield ind1=' ' ind2='7' tag='650'>
        <subfield code='a'>Social conditions.</subfield>
        <subfield code='2'>fast</subfield>
        <subfield code='0'>(OCoLC)fst01919811</subfield>
      </datafield>
      <datafield ind1=' ' ind2='0' tag='651'>
        <subfield code='a'>Haiti</subfield>
        <subfield code='x'>Politics and government</subfield>
        <subfield code='y'>21st century.</subfield>
      </datafield>
      <datafield ind1=' ' ind2='0' tag='651'>
        <subfield code='a'>Haiti</subfield>
        <subfield code='x'>Social conditions</subfield>
        <subfield code='y'>1971-</subfield>
      </datafield>
      <datafield ind1=' ' ind2='0' tag='651'>
        <subfield code='a'>Haiti</subfield>
        <subfield code='x'>History.</subfield>
      </datafield>
      <datafield ind1=' ' ind2='7' tag='651'>
        <subfield code='a'>Haiti.</subfield>
        <subfield code='2'>fast</subfield>
        <subfield code='0'>(OCoLC)fst01205135</subfield>
      </datafield>
      <datafield ind1=' ' ind2='7' tag='655'>
        <subfield code='a'>History.</subfield>
        <subfield code='2'>fast</subfield>
        <subfield code='0'>(OCoLC)fst01411628</subfield>
      </datafield>
      <datafield ind1=' ' ind2=' ' tag='907'>
        <subfield code='a'>b8540113</subfield>
      </datafield>
      <datafield ind1='9' ind2='1' tag='999'>
        <subfield code='i'>i11093385</subfield>
        <subfield code='l'>ddda</subfield>
        <subfield code='s'>-</subfield>
        <subfield code='t'>0</subfield>
        <subfield code='c'>1</subfield>
        <subfield code='o'>0</subfield>
        <subfield code='b'>00050764270</subfield>
        <subfield code='p'>050</subfield>
        <subfield code='q'>|aF1928.2|b.T68 2015</subfield>
      </datafield>
  </record>