
  <record>
    <leader>00000cam  2200265 a 4500</leader>
      <controlfield tag='008'>991213s2000    maua     c    000 0 eng  </controlfield>
      <controlfield tag='001'>43109969</controlfield>
      <controlfield tag='005'>20010305144437.0</controlfield>
      <datafield ind1=' ' ind2=' ' tag='010'>
        <subfield code='a'>99089887</subfield>
      </datafield>
      <datafield ind1=' ' ind2=' ' tag='015'>
        <subfield code='a'>GBA0-57051</subfield>
      </datafield>
      <datafield ind1=' ' ind2=' ' tag='020'>
        <subfield code='a'>0914660136</subfield>
      </datafield>
      <datafield ind1=' ' ind2=' ' tag='040'>
        <subfield code='a'>DLC</subfield>
        <subfield code='c'>DLC</subfield>
        <subfield code='d'>YDX</subfield>
        <subfield code='d'>UKM</subfield>
        <subfield code='d'>NOC</subfield>
      </datafield>
      <datafield ind1=' ' ind2=' ' tag='043'>
        <subfield code='a'>a-ch---</subfield>
      </datafield>
      <datafield ind1='0' ind2='0' tag='050'>
        <subfield code='a'>N7349.83.L43</subfield>
        <subfield code='b'>A7 2000</subfield>
      </datafield>
      <datafield ind1='1' ind2=' ' tag='100'>
        <subfield code='a'>Gross, Jennifer R.</subfield>
      </datafield>
      <datafield ind1='1' ind2='0' tag='245'>
        <subfield code='a'>Lee Mingwei :</subfield>
        <subfield code='b'>the living room /</subfield>
        <subfield code='c'>Jennifer R. Gross, Lewis Hyde.</subfield>
      </datafield>
      <datafield ind1=' ' ind2=' ' tag='260'>
        <subfield code='a'>Boston, Mass. :</subfield>
        <subfield code='b'>Isabella Stewart Gardner Museum,</subfield>
        <subfield code='c'>c2000.</subfield>
      </datafield>
      <datafield ind1=' ' ind2=' ' tag='300'>
        <subfield code='a'>vii, 48 p. :</subfield>
        <subfield code='b'>ill. (some col.) ;</subfield>
        <subfield code='c'>26 cm.</subfield>
      </datafield>
      <datafield ind1=' ' ind2=' ' tag='500'>
        <subfield code='a'>Catalog of an exhibition held at the Isabella Stewart Gardner Museum, Boston, Feb. 18-May 21, 2000.</subfield>
      </datafield>
      <datafield ind1='1' ind2='0' tag='600'>
        <subfield code='a'>Lee, Mingwei,</subfield>
        <subfield code='d'>1964-</subfield>
        <subfield code='t'>Living room</subfield>
        <subfield code='v'>Exhibitions.</subfield>
      </datafield>
      <datafield ind1=' ' ind2='0' tag='650'>
        <subfield code='a'>Installations (Art)</subfield>
        <subfield code='z'>Taiwan</subfield>
        <subfield code='v'>Exhibitions.</subfield>
      </datafield>
      <datafield ind1='1' ind2=' ' tag='700'>
        <subfield code='a'>Lee, Mingwei,</subfield>
        <subfield code='d'>1964-</subfield>
      </datafield>
      <datafield ind1='1' ind2=' ' tag='700'>
        <subfield code='a'>Hyde, Lewis,</subfield>
        <subfield code='d'>1945-</subfield>
      </datafield>
      <datafield ind1='2' ind2=' ' tag='710'>
        <subfield code='a'>Isabella Stewart Gardner Museum.</subfield>
      </datafield>
      <datafield ind1=' ' ind2=' ' tag='907'>
        <subfield code='a'>b3784453</subfield>
      </datafield>
      <datafield ind1='9' ind2='1' tag='999'>
        <subfield code='i'>i5257874</subfield>
        <subfield code='l'>aada</subfield>
        <subfield code='s'>-</subfield>
        <subfield code='t'>0</subfield>
        <subfield code='c'>1</subfield>
        <subfield code='o'>1</subfield>
        <subfield code='b'>00018778002</subfield>
        <subfield code='p'>090</subfield>
        <subfield code='q'>|aN7349.83.L43 A7 2000</subfield>
      </datafield>
  </record>