
  <record>
    <leader>00000cam a2200301I  4500</leader>
      <controlfield tag='008'>770823r19521626xx            000 0 spa c</controlfield>
      <controlfield tag='001'>3211405</controlfield>
      <controlfield tag='005'>19950928172739.0</controlfield>
      <datafield ind1=' ' ind2=' ' tag='010'>
        <subfield code='a'>a  53006492</subfield>
      </datafield>
      <datafield ind1=' ' ind2=' ' tag='040'>
        <subfield code='a'>Illinois., Univ. Library</subfield>
        <subfield code='c'>TJC</subfield>
      </datafield>
      <datafield ind1='0' ind2=' ' tag='130'>
        <subfield code='a'>Cid (Epic cycle)</subfield>
      </datafield>
      <datafield ind1='1' ind2='0' tag='245'>
        <subfield code='a'>Tesoro escondido de todos los más famosos Romances así antiguos como modernos del Cid.</subfield>
        <subfield code='c'>Va a la fin en seis romances la historia de los siete infantes de Lara. (Barcelona 1626) [Noticia prelim. por Antonio Pérez Gómez]</subfield>
      </datafield>
      <datafield ind1=' ' ind2=' ' tag='260'>
        <subfield code='a'>Valencia,</subfield>
        <subfield code='c'>1952.</subfield>
      </datafield>
      <datafield ind1=' ' ind2=' ' tag='300'>
        <subfield code='a'>148 p.</subfield>
        <subfield code='c'>18 cm.</subfield>
      </datafield>
      <datafield ind1=' ' ind2=' ' tag='500'>
        <subfield code='a'>At head of title: Francisco Metge.</subfield>
      </datafield>
      <datafield ind1=' ' ind2=' ' tag='500'>
        <subfield code='a'>With facsim. of original t.p.</subfield>
      </datafield>
      <datafield ind1=' ' ind2=' ' tag='500'>
        <subfield code='a'>255 copies printed. &quot;Doscientos veinticinco ejemplares, numerados de 1 al 255...[No.] 127.&quot;</subfield>
      </datafield>
      <datafield ind1='1' ind2=' ' tag='700'>
        <subfield code='a'>Metge, Francisco,</subfield>
        <subfield code='d'>active 1626.</subfield>
      </datafield>
      <datafield ind1='0' ind2=' ' tag='740'>
        <subfield code='a'>Infantes de Lara.</subfield>
      </datafield>
      <datafield ind1=' ' ind2='0' tag='830'>
        <subfield code='a'>Duque y marqués ;</subfield>
        <subfield code='v'>1.</subfield>
      </datafield>
      <datafield ind1=' ' ind2=' ' tag='907'>
        <subfield code='a'>b2752129</subfield>
      </datafield>
      <datafield ind1='9' ind2='1' tag='999'>
        <subfield code='i'>i3955950</subfield>
        <subfield code='l'>trln</subfield>
        <subfield code='s'>-</subfield>
        <subfield code='t'>0</subfield>
        <subfield code='c'>1</subfield>
        <subfield code='o'>0</subfield>
        <subfield code='b'>00028589171</subfield>
        <subfield code='p'>092</subfield>
        <subfield code='q'>|a861 C56t</subfield>
      </datafield>
  </record>