
  <record>
    <leader>00000cam a22002051  4500</leader>
      <controlfield tag='008'>870930c19681967nyuabch  b    001 0 eng  </controlfield>
      <controlfield tag='001'>435586</controlfield>
      <controlfield tag='005'>19870930000000.0</controlfield>
      <datafield ind1=' ' ind2=' ' tag='010'>
        <subfield code='a'>68009098</subfield>
      </datafield>
      <datafield ind1=' ' ind2=' ' tag='040'>
        <subfield code='a'>DLC</subfield>
        <subfield code='c'>DLC</subfield>
        <subfield code='d'>m.c.</subfield>
        <subfield code='d'>m/c</subfield>
      </datafield>
      <datafield ind1='1' ind2=' ' tag='100'>
        <subfield code='a'>Horan, James D.</subfield>
        <subfield code='q'>(James David),</subfield>
        <subfield code='d'>1914-1981.</subfield>
      </datafield>
      <datafield ind1='1' ind2='4' tag='245'>
        <subfield code='a'>The Pinkertons;</subfield>
        <subfield code='b'>the detective dynasty that made history,</subfield>
        <subfield code='c'>by James D. Horan.</subfield>
      </datafield>
      <datafield ind1=' ' ind2=' ' tag='260'>
        <subfield code='a'>New York,</subfield>
        <subfield code='b'>Crown Publishers</subfield>
        <subfield code='c'>[1968, c1967]</subfield>
      </datafield>
      <datafield ind1=' ' ind2=' ' tag='300'>
        <subfield code='a'>xii, 564 p.</subfield>
        <subfield code='b'>illus., facsims., maps, ports.</subfield>
        <subfield code='c'>24 cm.</subfield>
      </datafield>
      <datafield ind1=' ' ind2=' ' tag='504'>
        <subfield code='a'>Bibliography: p. 551-560.</subfield>
      </datafield>
      <datafield ind1='2' ind2='0' tag='610'>
        <subfield code='a'>Pinkerton&apos;s National Detective Agency.</subfield>
      </datafield>
      <datafield ind1=' ' ind2=' ' tag='907'>
        <subfield code='a'>b1115196</subfield>
      </datafield>
      <datafield ind1='9' ind2='1' tag='999'>
        <subfield code='i'>i1208248</subfield>
        <subfield code='l'>ddda</subfield>
        <subfield code='s'>-</subfield>
        <subfield code='t'>0</subfield>
        <subfield code='c'>1</subfield>
        <subfield code='o'>5</subfield>
        <subfield code='b'>10000166188</subfield>
        <subfield code='p'>090</subfield>
        <subfield code='q'>|aHV8087.P75 .H62</subfield>
      </datafield>
  </record>