
  <record>
    <leader>00000cam  2200361 a 4500</leader>
      <controlfield tag='006'>m    |o  d |</controlfield>
      <controlfield tag='008'>990506s1850    dcu     o     000 0 eng d</controlfield>
      <controlfield tag='007'>cr||n||||||||n</controlfield>
      <controlfield tag='001'>CTRG99-B806</controlfield>
      <controlfield tag='003'>CStRLIN</controlfield>
      <controlfield tag='005'>20004449185335.0</controlfield>
      <datafield ind1=' ' ind2=' ' tag='040'>
        <subfield code='a'>ResP</subfield>
        <subfield code='c'>ResP</subfield>
        <subfield code='d'>Thomson Gale</subfield>
      </datafield>
      <datafield ind1=' ' ind2=' ' tag='043'>
        <subfield code='a'>n-us---</subfield>
        <subfield code='a'>n-us-ca</subfield>
      </datafield>
      <datafield ind1='1' ind2=' ' tag='100'>
        <subfield code='a'>Richardson, W. A.</subfield>
        <subfield code='q'>(William Alexander),</subfield>
        <subfield code='d'>1811-1875.</subfield>
      </datafield>
      <datafield ind1='1' ind2='0' tag='245'>
        <subfield code='a'>Speech of Hon. W.A. Richardson, of Illinois, on the admission of California</subfield>
        <subfield code='h'>[electronic resource] :</subfield>
        <subfield code='b'>delivered in the House of Representatives, April 3, 1850.</subfield>
      </datafield>
      <datafield ind1='1' ind2='6' tag='246'>
        <subfield code='a'>Admission of California</subfield>
      </datafield>
      <datafield ind1=' ' ind2=' ' tag='260'>
        <subfield code='a'>Washington :</subfield>
        <subfield code='b'>Printed at the Congressional Globe Office,</subfield>
        <subfield code='c'>1850.</subfield>
      </datafield>
      <datafield ind1=' ' ind2=' ' tag='300'>
        <subfield code='a'>1 online resource (7 p.)</subfield>
      </datafield>
      <datafield ind1=' ' ind2=' ' tag='500'>
        <subfield code='a'>Two columns to the page.</subfield>
      </datafield>
      <datafield ind1=' ' ind2=' ' tag='500'>
        <subfield code='a'>Reproduction of original from Huntington Library.</subfield>
      </datafield>
      <datafield ind1=' ' ind2=' ' tag='500'>
        <subfield code='a'>Sabin no. 71092.</subfield>
      </datafield>
      <datafield ind1='1' ind2=' ' tag='506'>
        <subfield code='a'>Access limited to UNC Chapel Hill-authenticated users.</subfield>
        <subfield code='f'>Unlimited simultaneous users</subfield>
      </datafield>
      <datafield ind1='4' ind2=' ' tag='510'>
        <subfield code='a'>RLIN,</subfield>
        <subfield code='c'>CTRG99-B806</subfield>
      </datafield>
      <datafield ind1=' ' ind2='0' tag='650'>
        <subfield code='a'>Slavery</subfield>
        <subfield code='z'>United States</subfield>
        <subfield code='v'>Speeches in Congress.</subfield>
      </datafield>
      <datafield ind1=' ' ind2='0' tag='650'>
        <subfield code='a'>Compromise of 1850</subfield>
        <subfield code='v'>Speeches in Congress.</subfield>
      </datafield>
      <datafield ind1=' ' ind2='0' tag='650'>
        <subfield code='a'>Slavery</subfield>
        <subfield code='z'>United States</subfield>
        <subfield code='x'>Extension to the territories</subfield>
        <subfield code='v'>Speeches in Congress.</subfield>
      </datafield>
      <datafield ind1=' ' ind2='0' tag='651'>
        <subfield code='a'>California</subfield>
        <subfield code='x'>Politics and government.</subfield>
      </datafield>
      <datafield ind1='0' ind2=' ' tag='773'>
        <subfield code='t'>Sabin Americana, 1500-1926 (online collection). Ebooks</subfield>
      </datafield>
      <datafield ind1='4' ind2='0' tag='856'>
        <subfield code='u'>http://libproxy.lib.unc.edu/login?url=http://galenet.galegroup.com/servlet/Sabin?af=RN&amp;ae=CY102456300&amp;srchtp=a&amp;ste=14&amp;q=unc_main</subfield>
        <subfield code='y'>Full text available via the UNC-Chapel Hill Libraries</subfield>
        <subfield code='x'>Sabin Americana, 1500-1926</subfield>
      </datafield>
      <datafield ind1='0' ind2='0' tag='907'>
        <subfield code='a'>b6612273</subfield>
      </datafield>
  </record>