
  <record>
    <leader>00000cam a22003617  4500</leader>
      <controlfield tag='006'>m    |o  d |</controlfield>
      <controlfield tag='007'>cr |n|||||||||</controlfield>
      <controlfield tag='008'>151112s2015    mau||||fo|||| 000 0 eng d</controlfield>
      <controlfield tag='001'>NBERw21622</controlfield>
      <controlfield tag='003'>NBER</controlfield>
      <controlfield tag='005'>20151112035015.0</controlfield>
      <datafield ind1='1' ind2=' ' tag='100'>
        <subfield code='a'>Cattaneo, Cristina.</subfield>
      </datafield>
      <datafield ind1='1' ind2='4' tag='245'>
        <subfield code='a'>The Migration Response to Increasing Temperatures</subfield>
        <subfield code='h'>[electronic resource] /</subfield>
        <subfield code='c'>Cristina Cattaneo, Giovanni Peri.</subfield>
      </datafield>
      <datafield ind1=' ' ind2=' ' tag='260'>
        <subfield code='a'>Cambridge, Mass. :</subfield>
        <subfield code='b'>National Bureau of Economic Research,</subfield>
        <subfield code='c'>2015.</subfield>
      </datafield>
      <datafield ind1=' ' ind2=' ' tag='300'>
        <subfield code='a'>1 online resource.</subfield>
      </datafield>
      <datafield ind1=' ' ind2=' ' tag='500'>
        <subfield code='a'>October 2015.</subfield>
      </datafield>
      <datafield ind1='1' ind2=' ' tag='506'>
        <subfield code='a'>Access limited to UNC Chapel Hill-authenticated users.</subfield>
        <subfield code='f'>Unlimited simultaneous users</subfield>
      </datafield>
      <datafield ind1='3' ind2=' ' tag='520'>
        <subfield code='a'>Climate change, especially the warming trend experienced by several countries, could affect agricultural productivity. As a consequence the income of rural populations will change, and with them the incentives for people to remain in rural areas. Using data from 116 countries between 1960 and 2000, we analyze the effect of differential warming trends across countries on the probability of either migrating out of the country or from rural to urban areas. We find that higher temperatures increased emigration rates to urban areas and to other countries in middle income economies. In poor countries, higher temperatures reduced the probability of emigration to cities or to other countries, consistently with the presence of severe liquidity constraints. In middle-income countries, migration represents an important margin of adjustment to global warming, potentially contributing to structural change and even increasing income per worker. Such a mechanism, however, does not seem to work in poor economies.</subfield>
      </datafield>
      <datafield ind1='1' ind2=' ' tag='700'>
        <subfield code='a'>Peri, Giovanni.</subfield>
      </datafield>
      <datafield ind1='2' ind2=' ' tag='710'>
        <subfield code='a'>National Bureau of Economic Research.</subfield>
      </datafield>
      <datafield ind1='0' ind2=' ' tag='773'>
        <subfield code='t'>National Bureau of Economic Research (NBER) working papers (online collection)</subfield>
      </datafield>
      <datafield ind1=' ' ind2='0' tag='830'>
        <subfield code='a'>Working paper series (National Bureau of Economic Research : Online) ;</subfield>
        <subfield code='v'>working paper no. 21622.</subfield>
      </datafield>
      <datafield ind1='4' ind2='0' tag='856'>
        <subfield code='u'>http://libproxy.lib.unc.edu/login?url=http://www.nber.org/papers/w21622</subfield>
        <subfield code='y'>Full text available via the UNC-Chapel Hill Libraries</subfield>
        <subfield code='x'>NBER electronic working paper</subfield>
      </datafield>
      <datafield ind1=' ' ind2='1' tag='907'>
        <subfield code='a'>b8385567</subfield>
      </datafield>
  </record>