
  <record>
    <leader>00000cam  2200337 a 4500</leader>
      <controlfield tag='006'>m    |o  d |</controlfield>
      <controlfield tag='008'>000315s1844    enkbf   o     000 0 eng d</controlfield>
      <controlfield tag='007'>cr||n||||||||n</controlfield>
      <controlfield tag='001'>CTRG00-B453</controlfield>
      <controlfield tag='003'>CStRLIN</controlfield>
      <controlfield tag='005'>20010119120014.0</controlfield>
      <datafield ind1=' ' ind2=' ' tag='040'>
        <subfield code='a'>ResP</subfield>
        <subfield code='c'>ResP</subfield>
        <subfield code='d'>Thomson Gale</subfield>
      </datafield>
      <datafield ind1=' ' ind2=' ' tag='043'>
        <subfield code='a'>n-us-nj</subfield>
        <subfield code='a'>n-us-pa</subfield>
      </datafield>
      <datafield ind1='2' ind2=' ' tag='110'>
        <subfield code='a'>London Yearly Meeting (Society of Friends).</subfield>
        <subfield code='b'>Aborigines&apos; Committee.</subfield>
      </datafield>
      <datafield ind1='1' ind2='0' tag='245'>
        <subfield code='a'>Some account of the conduct of the Religious Society of Friends towards the Indian tribes in the settlement of the colonies of East and West Jersey and Pennsylvania</subfield>
        <subfield code='h'>[electronic resource] :</subfield>
        <subfield code='b'>with a brief narrative of their labours for the civilization and Christian instruction of the Indians, from the time of their settlement in America, to the year 1843 /</subfield>
        <subfield code='c'>published by the Aborigines&apos; Committee of the Meeting for Sufferings.</subfield>
      </datafield>
      <datafield ind1=' ' ind2=' ' tag='260'>
        <subfield code='a'>London :</subfield>
        <subfield code='b'>Edward Marsh,</subfield>
        <subfield code='c'>1844.</subfield>
      </datafield>
      <datafield ind1=' ' ind2=' ' tag='300'>
        <subfield code='a'>1 online resource (247 p., [3] leaves of plates) :</subfield>
        <subfield code='b'>folded maps</subfield>
      </datafield>
      <datafield ind1=' ' ind2=' ' tag='500'>
        <subfield code='a'>Reproduction of original from Huntington Library.</subfield>
      </datafield>
      <datafield ind1=' ' ind2=' ' tag='500'>
        <subfield code='a'>Sabin no. 86572.</subfield>
      </datafield>
      <datafield ind1='1' ind2=' ' tag='506'>
        <subfield code='a'>Access limited to UNC Chapel Hill-authenticated users.</subfield>
        <subfield code='f'>Unlimited simultaneous users</subfield>
      </datafield>
      <datafield ind1='4' ind2=' ' tag='510'>
        <subfield code='a'>RLIN,</subfield>
        <subfield code='c'>CTRG00-B453</subfield>
      </datafield>
      <datafield ind1=' ' ind2='0' tag='650'>
        <subfield code='a'>Indians of North America</subfield>
        <subfield code='x'>Missions</subfield>
        <subfield code='z'>New Jersey.</subfield>
      </datafield>
      <datafield ind1=' ' ind2='0' tag='650'>
        <subfield code='a'>Indians of North America</subfield>
        <subfield code='x'>Missions</subfield>
        <subfield code='z'>Pennsylvania.</subfield>
      </datafield>
      <datafield ind1='0' ind2=' ' tag='773'>
        <subfield code='t'>Sabin Americana, 1500-1926 (online collection). Ebooks</subfield>
      </datafield>
      <datafield ind1=' ' ind2='0' tag='830'>
        <subfield code='a'>Publications relative to the aborigines ;</subfield>
        <subfield code='v'>no. 9.</subfield>
      </datafield>
      <datafield ind1='4' ind2='0' tag='856'>
        <subfield code='u'>http://libproxy.lib.unc.edu/login?url=http://galenet.galegroup.com/servlet/Sabin?af=RN&amp;ae=CY102598015&amp;srchtp=a&amp;ste=14&amp;q=unc_main</subfield>
        <subfield code='y'>Full text available via the UNC-Chapel Hill Libraries</subfield>
        <subfield code='x'>Sabin Americana, 1500-1926</subfield>
      </datafield>
      <datafield ind1='0' ind2='0' tag='907'>
        <subfield code='a'>b6574443</subfield>
      </datafield>
  </record>