
  <record>
    <leader>00000caa  2200241K  4500</leader>
      <controlfield tag='008'>      s1987    sz            000 00eng d</controlfield>
      <controlfield tag='001'>B-12945-5</controlfield>
      <datafield ind1=' ' ind2=' ' tag='019'>
        <subfield code='o'>B-12945-5</subfield>
      </datafield>
      <datafield ind1=' ' ind2=' ' tag='040'>
        <subfield code='a'>CPC</subfield>
        <subfield code='c'>CPC</subfield>
      </datafield>
      <datafield ind1='0' ind2='0' tag='245'>
        <subfield code='a'>Country experience in the risk approach project in Malaysia /</subfield>
        <subfield code='c'>Raj Karim.</subfield>
      </datafield>
      <datafield ind1=' ' ind2=' ' tag='500'>
        <subfield code='a'>ADDED8809</subfield>
      </datafield>
      <datafield ind1=' ' ind2=' ' tag='504'>
        <subfield code='b'>6 references.</subfield>
      </datafield>
      <datafield ind1=' ' ind2=' ' tag='691'>
        <subfield code='a'>Malaysia</subfield>
      </datafield>
      <datafield ind1=' ' ind2=' ' tag='691'>
        <subfield code='a'>Southeastern Asia*</subfield>
      </datafield>
      <datafield ind1=' ' ind2=' ' tag='691'>
        <subfield code='a'>Asia*</subfield>
      </datafield>
      <datafield ind1='1' ind2=' ' tag='700'>
        <subfield code='a'>Karim, Raj.</subfield>
      </datafield>
      <datafield ind1='0' ind2=' ' tag='773'>
        <subfield code='t'>High risk mothers and newborns : detection, management and prevention = Meres et nouveau-nes a haut risque : depistage, prise en charge et prevention / Edited by Abdel R. Omran, Jean Martin and Bechir Hamza.</subfield>
        <subfield code='d'>Thun, Switz., Ott Verlag, 1987,</subfield>
        <subfield code='g'>p. 76-87</subfield>
      </datafield>
      <datafield ind1=' ' ind2=' ' tag='907'>
        <subfield code='a'>b4708119</subfield>
      </datafield>
      <datafield ind1='9' ind2='1' tag='999'>
        <subfield code='i'>i6207757</subfield>
        <subfield code='l'>xccc</subfield>
        <subfield code='s'>-</subfield>
        <subfield code='t'>0</subfield>
        <subfield code='c'>1</subfield>
        <subfield code='o'>0</subfield>
        <subfield code='b'>CPC20000170</subfield>
        <subfield code='p'>090</subfield>
        <subfield code='q'>|aRC620.5 .H54z</subfield>
      </datafield>
  </record>