
  <record>
    <leader>00000cem  2200469 a 4500</leader>
      <controlfield tag='007'>aj canzn</controlfield>
      <controlfield tag='008'>001031s2000    vauag  bh a  f  1   eng c</controlfield>
      <controlfield tag='001'>45258366</controlfield>
      <controlfield tag='005'>20010130082442.0</controlfield>
      <datafield ind1=' ' ind2=' ' tag='019'>
        <subfield code='a'>tmp97236890</subfield>
      </datafield>
      <datafield ind1=' ' ind2=' ' tag='020'>
        <subfield code='a'>0607930691</subfield>
      </datafield>
      <datafield ind1='1' ind2=' ' tag='034'>
        <subfield code='a'>a</subfield>
        <subfield code='b'>100000</subfield>
        <subfield code='d'>W1120000</subfield>
        <subfield code='e'>W1110000</subfield>
        <subfield code='f'>N0453000</subfield>
        <subfield code='g'>N0450000</subfield>
      </datafield>
      <datafield ind1=' ' ind2=' ' tag='035'>
        <subfield code='a'>(GPO)99065424</subfield>
      </datafield>
      <datafield ind1=' ' ind2=' ' tag='037'>
        <subfield code='a'>9-780607-930696</subfield>
        <subfield code='b'>USGS</subfield>
      </datafield>
      <datafield ind1=' ' ind2=' ' tag='040'>
        <subfield code='a'>GIS</subfield>
        <subfield code='c'>GIS</subfield>
        <subfield code='d'>GPO</subfield>
        <subfield code='d'>DLC</subfield>
        <subfield code='d'>MvI</subfield>
      </datafield>
      <datafield ind1=' ' ind2=' ' tag='042'>
        <subfield code='a'>pcc</subfield>
      </datafield>
      <datafield ind1=' ' ind2=' ' tag='052'>
        <subfield code='a'>4253</subfield>
        <subfield code='b'>M3</subfield>
        <subfield code='b'>G3</subfield>
      </datafield>
      <datafield ind1=' ' ind2=' ' tag='052'>
        <subfield code='a'>4263</subfield>
        <subfield code='b'>P3</subfield>
      </datafield>
      <datafield ind1=' ' ind2=' ' tag='074'>
        <subfield code='a'>0619-G-08</subfield>
      </datafield>
      <datafield ind1=' ' ind2=' ' tag='074'>
        <subfield code='a'>0619-G-08 (online)</subfield>
      </datafield>
      <datafield ind1='0' ind2=' ' tag='086'>
        <subfield code='a'>I 19.91:I-2690</subfield>
      </datafield>
      <datafield ind1='2' ind2=' ' tag='110'>
        <subfield code='a'>Geological Survey (U.S.)</subfield>
      </datafield>
      <datafield ind1='1' ind2='0' tag='245'>
        <subfield code='a'>Geologic map of the Ennis 30ʹ x 60ʹ quadrangle, Madison and Gallatin counties, Montana, and Park County, Wyoming /</subfield>
        <subfield code='c'>U.S. Department of the Interior, U.S. Geological Survey ; by Karl S. Kellogg and Van S. Williams.</subfield>
      </datafield>
      <datafield ind1=' ' ind2=' ' tag='255'>
        <subfield code='a'>Scale 1:100,000 ;</subfield>
        <subfield code='b'>Universal transverse Mercator proj.</subfield>
        <subfield code='c'>(W 112⁰00ʹ--W 111⁰00ʹ/N 45⁰30ʹ--N 45⁰00ʹ)</subfield>
      </datafield>
      <datafield ind1=' ' ind2=' ' tag='260'>
        <subfield code='a'>[Reston, Va.?] :</subfield>
        <subfield code='b'>The Survey ;</subfield>
        <subfield code='a'>Denver, CO :</subfield>
        <subfield code='b'>Information Services [distributor],</subfield>
        <subfield code='c'>2000.</subfield>
      </datafield>
      <datafield ind1=' ' ind2=' ' tag='300'>
        <subfield code='a'>1 map :</subfield>
        <subfield code='b'>col. ;</subfield>
        <subfield code='c'>56 x 79 cm., on sheet 89 x 107 cm., folded in envelope 30 x 24 cm. +</subfield>
        <subfield code='e'>1 pamphlet (16 p. ; 28 cm.)</subfield>
      </datafield>
      <datafield ind1=' ' ind2=' ' tag='500'>
        <subfield code='a'>Relief shown by contours and spot heights.</subfield>
      </datafield>
      <datafield ind1=' ' ind2=' ' tag='500'>
        <subfield code='a'>Shipping list no.: 2001-0048-P.</subfield>
      </datafield>
      <datafield ind1=' ' ind2=' ' tag='500'>
        <subfield code='a'>Includes text, 1 index map, 1 location map, and 1 colored ancillary map.</subfield>
      </datafield>
      <datafield ind1=' ' ind2=' ' tag='504'>
        <subfield code='a'>Pamphlet includes bibliographical references (p. 14-16).</subfield>
      </datafield>
      <datafield ind1=' ' ind2=' ' tag='530'>
        <subfield code='a'>Also available via Internet from the USGS web site (PDF file only). Address as of 12-20-00: http://greenwood.cr.usgs.gov/pub/i-maps/i-2690/i-2690so.pdf; current access is available via PURL.</subfield>
      </datafield>
      <datafield ind1=' ' ind2='0' tag='650'>
        <subfield code='a'>Geology</subfield>
        <subfield code='z'>Montana</subfield>
        <subfield code='z'>Madison County</subfield>
        <subfield code='v'>Maps.</subfield>
      </datafield>
      <datafield ind1=' ' ind2='0' tag='650'>
        <subfield code='a'>Geology</subfield>
        <subfield code='z'>Montana</subfield>
        <subfield code='z'>Gallatin County</subfield>
        <subfield code='v'>Maps.</subfield>
      </datafield>
      <datafield ind1=' ' ind2='0' tag='650'>
        <subfield code='a'>Geology</subfield>
        <subfield code='z'>Wyoming</subfield>
        <subfield code='z'>Park County</subfield>
        <subfield code='v'>Maps.</subfield>
      </datafield>
      <datafield ind1='1' ind2=' ' tag='700'>
        <subfield code='a'>Kellogg, Karl S.</subfield>
      </datafield>
      <datafield ind1='1' ind2=' ' tag='700'>
        <subfield code='a'>Williams, Van S.</subfield>
      </datafield>
      <datafield ind1=' ' ind2='0' tag='830'>
        <subfield code='a'>Geologic investigations series ;</subfield>
        <subfield code='v'>I-2690.</subfield>
      </datafield>
      <datafield ind1='4' ind2='1' tag='856'>
        <subfield code='u'>http://purl.access.gpo.gov/GPO/LPS7675</subfield>
      </datafield>
      <datafield ind1=' ' ind2=' ' tag='907'>
        <subfield code='a'>b3787688</subfield>
      </datafield>
      <datafield ind1='9' ind2='1' tag='999'>
        <subfield code='i'>i5209016</subfield>
        <subfield code='l'>jjeb</subfield>
        <subfield code='s'>o</subfield>
        <subfield code='t'>34</subfield>
        <subfield code='c'>1</subfield>
        <subfield code='o'>0</subfield>
        <subfield code='b'>00025655862</subfield>
        <subfield code='p'>086</subfield>
        <subfield code='q'>|aI19.91:I-2690</subfield>
      </datafield>
  </record>