
  <record>
    <leader>00000ccc  2200289Mi 4500</leader>
      <controlfield tag='008'>900413i19509999gw mua         n    lat d</controlfield>
      <controlfield tag='001'>25892429</controlfield>
      <controlfield tag='003'>OCoLC</controlfield>
      <controlfield tag='005'>20060823074822.0</controlfield>
      <datafield ind1=' ' ind2=' ' tag='040'>
        <subfield code='a'>CUY</subfield>
        <subfield code='c'>CUY</subfield>
        <subfield code='d'>OCLCQ</subfield>
        <subfield code='d'>NOC</subfield>
      </datafield>
      <datafield ind1=' ' ind2=' ' tag='047'>
        <subfield code='a'>ms</subfield>
        <subfield code='a'>zz</subfield>
      </datafield>
      <datafield ind1=' ' ind2=' ' tag='049'>
        <subfield code='a'>NOCC</subfield>
      </datafield>
      <datafield ind1=' ' ind2='4' tag='050'>
        <subfield code='a'>M2</subfield>
        <subfield code='b'>.C17</subfield>
      </datafield>
      <datafield ind1='0' ind2=' ' tag='130'>
        <subfield code='a'>Capella.</subfield>
      </datafield>
      <datafield ind1='1' ind2='0' tag='245'>
        <subfield code='a'>Capella :</subfield>
        <subfield code='b'>Meisterwerke mittelalterlicher Musik.</subfield>
      </datafield>
      <datafield ind1=' ' ind2=' ' tag='260'>
        <subfield code='a'>Kassel :</subfield>
        <subfield code='b'>Bärenreiter-Verlag,</subfield>
        <subfield code='c'>1950-</subfield>
      </datafield>
      <datafield ind1=' ' ind2=' ' tag='300'>
        <subfield code='a'>v.</subfield>
        <subfield code='c'>27 cm.</subfield>
      </datafield>
      <datafield ind1=' ' ind2=' ' tag='500'>
        <subfield code='a'>Editor, 1950-1951: Heinrich Besseler.</subfield>
      </datafield>
      <datafield ind1=' ' ind2=' ' tag='500'>
        <subfield code='a'>Words in Latin.</subfield>
      </datafield>
      <datafield ind1='1' ind2=' ' tag='505'>
        <subfield code='a'>v. 1 Drei- und vierstimmige Singstücken des 15. Jahrhunderts -- v. 2 Missa Se la face ay pale / Guillaume Dufay --</subfield>
      </datafield>
      <datafield ind1=' ' ind2='0' tag='650'>
        <subfield code='a'>Sacred vocal music.</subfield>
      </datafield>
      <datafield ind1=' ' ind2='0' tag='650'>
        <subfield code='a'>Masses, Unaccompanied.</subfield>
      </datafield>
      <datafield ind1='1' ind2=' ' tag='700'>
        <subfield code='a'>Besseler, Heinrich,</subfield>
        <subfield code='d'>1900-1969.</subfield>
      </datafield>
      <datafield ind1=' ' ind2=' ' tag='907'>
        <subfield code='a'>b4890066</subfield>
      </datafield>
      <datafield ind1='9' ind2='1' tag='999'>
        <subfield code='i'>i6452787</subfield>
        <subfield code='l'>trln</subfield>
        <subfield code='s'>-</subfield>
        <subfield code='t'>45</subfield>
        <subfield code='c'>1</subfield>
        <subfield code='o'>1</subfield>
        <subfield code='b'>00049276567</subfield>
        <subfield code='p'>092</subfield>
        <subfield code='q'>|aM780.8|bB574c</subfield>
        <subfield code='v'>v.1</subfield>
      </datafield>
      <datafield ind1='9' ind2='1' tag='999'>
        <subfield code='i'>i6452788</subfield>
        <subfield code='l'>trln</subfield>
        <subfield code='s'>-</subfield>
        <subfield code='t'>45</subfield>
        <subfield code='c'>1</subfield>
        <subfield code='o'>1</subfield>
        <subfield code='b'>00049276576</subfield>
        <subfield code='p'>092</subfield>
        <subfield code='q'>|aM780.8|bB574c</subfield>
        <subfield code='v'>v.2</subfield>
      </datafield>
  </record>