
  <record>
    <leader>00000cam  2200193Ia 4500</leader>
      <controlfield tag='008'>811110s1981    nyu           000 0 eng d</controlfield>
      <controlfield tag='001'>7920873</controlfield>
      <controlfield tag='005'>19840621000000.0</controlfield>
      <datafield ind1=' ' ind2=' ' tag='020'>
        <subfield code='z'>533050006</subfield>
      </datafield>
      <datafield ind1=' ' ind2=' ' tag='040'>
        <subfield code='a'>DOS</subfield>
        <subfield code='c'>DOS</subfield>
        <subfield code='d'>NOC</subfield>
      </datafield>
      <datafield ind1='1' ind2=' ' tag='100'>
        <subfield code='a'>Devine, Frank,</subfield>
        <subfield code='d'>1922-</subfield>
      </datafield>
      <datafield ind1='1' ind2='0' tag='245'>
        <subfield code='a'>El Salvador :</subfield>
        <subfield code='b'>Embassy under attack /</subfield>
        <subfield code='c'>by Frank J. Devine.</subfield>
      </datafield>
      <datafield ind1=' ' ind2=' ' tag='250'>
        <subfield code='a'>1st ed.</subfield>
      </datafield>
      <datafield ind1=' ' ind2=' ' tag='260'>
        <subfield code='a'>New York :</subfield>
        <subfield code='b'>Vantage Press,</subfield>
        <subfield code='c'>c1981.</subfield>
      </datafield>
      <datafield ind1=' ' ind2=' ' tag='300'>
        <subfield code='a'>ix, 209 p. ;</subfield>
        <subfield code='c'>21 cm.</subfield>
      </datafield>
      <datafield ind1='1' ind2='0' tag='600'>
        <subfield code='a'>Devine, Frank,</subfield>
        <subfield code='d'>1922-</subfield>
      </datafield>
      <datafield ind1='1' ind2='0' tag='610'>
        <subfield code='a'>El Salvador.</subfield>
        <subfield code='b'>Embassy (United States)</subfield>
      </datafield>
      <datafield ind1=' ' ind2='0' tag='651'>
        <subfield code='a'>El Salvador</subfield>
        <subfield code='x'>Politics and government</subfield>
        <subfield code='y'>1944-1979.</subfield>
      </datafield>
      <datafield ind1=' ' ind2=' ' tag='907'>
        <subfield code='a'>b1792251</subfield>
      </datafield>
      <datafield ind1='9' ind2='1' tag='999'>
        <subfield code='i'>i2583990</subfield>
        <subfield code='l'>ddda</subfield>
        <subfield code='s'>-</subfield>
        <subfield code='t'>0</subfield>
        <subfield code='c'>2</subfield>
        <subfield code='o'>2</subfield>
        <subfield code='b'>00001105011</subfield>
        <subfield code='p'>090</subfield>
        <subfield code='q'>|aF1488 .D47</subfield>
      </datafield>
      <datafield ind1='9' ind2='1' tag='999'>
        <subfield code='i'>i6393406</subfield>
        <subfield code='l'>ddda</subfield>
        <subfield code='s'>-</subfield>
        <subfield code='t'>0</subfield>
        <subfield code='c'>3</subfield>
        <subfield code='o'>2</subfield>
        <subfield code='b'>00023622867</subfield>
        <subfield code='p'>090</subfield>
        <subfield code='q'>|aF1488 .D47</subfield>
      </datafield>
  </record>