
  <record>
    <leader>00000cam  2200181 i 4500</leader>
      <controlfield tag='008'>800326s1979    gw       b    001 0 ger  </controlfield>
      <controlfield tag='001'>6278251</controlfield>
      <controlfield tag='005'>19800729000000.0</controlfield>
      <datafield ind1=' ' ind2=' ' tag='010'>
        <subfield code='a'>80461612</subfield>
      </datafield>
      <datafield ind1=' ' ind2=' ' tag='015'>
        <subfield code='a'>GFR79-A</subfield>
      </datafield>
      <datafield ind1=' ' ind2=' ' tag='020'>
        <subfield code='a'>3506718959 :</subfield>
        <subfield code='c'>DM12.80</subfield>
      </datafield>
      <datafield ind1=' ' ind2=' ' tag='040'>
        <subfield code='a'>DLC</subfield>
        <subfield code='c'>DLC</subfield>
        <subfield code='d'>NOC</subfield>
      </datafield>
      <datafield ind1='1' ind2=' ' tag='100'>
        <subfield code='a'>Biser, Eugen.</subfield>
      </datafield>
      <datafield ind1='1' ind2='0' tag='245'>
        <subfield code='a'>Interpretation und Veränderung :</subfield>
        <subfield code='b'>Werk u. Wirkung Romano Guardinis /</subfield>
        <subfield code='c'>Eugen Biser.</subfield>
      </datafield>
      <datafield ind1=' ' ind2=' ' tag='260'>
        <subfield code='a'>Paderborn ;</subfield>
        <subfield code='a'>München ;</subfield>
        <subfield code='a'>Wien ;</subfield>
        <subfield code='a'>Zürich :</subfield>
        <subfield code='b'>Schöningh,</subfield>
        <subfield code='c'>1979.</subfield>
      </datafield>
      <datafield ind1=' ' ind2=' ' tag='300'>
        <subfield code='a'>154 p. ;</subfield>
        <subfield code='c'>22 cm.</subfield>
      </datafield>
      <datafield ind1=' ' ind2=' ' tag='504'>
        <subfield code='a'>Includes bibliographical references and indexes.</subfield>
      </datafield>
      <datafield ind1='1' ind2='0' tag='600'>
        <subfield code='a'>Guardini, Romano,</subfield>
        <subfield code='d'>1885-1968.</subfield>
      </datafield>
      <datafield ind1=' ' ind2=' ' tag='907'>
        <subfield code='a'>b1690922</subfield>
      </datafield>
      <datafield ind1='9' ind2='1' tag='999'>
        <subfield code='i'>i2420814</subfield>
        <subfield code='l'>trln</subfield>
        <subfield code='s'>-</subfield>
        <subfield code='t'>0</subfield>
        <subfield code='c'>1</subfield>
        <subfield code='o'>0</subfield>
        <subfield code='b'>00000250356</subfield>
        <subfield code='p'>090</subfield>
        <subfield code='q'>|aBX4705.G6265 B57</subfield>
      </datafield>
  </record>