
  <record>
    <leader>00000cam  2200289 a 4500</leader>
      <controlfield tag='008'>880811s1988    dcua     b   f000 0 eng d</controlfield>
      <controlfield tag='001'>18347163</controlfield>
      <datafield ind1=' ' ind2=' ' tag='035'>
        <subfield code='a'>(GPO)88017860</subfield>
      </datafield>
      <datafield ind1=' ' ind2=' ' tag='040'>
        <subfield code='a'>GPO</subfield>
        <subfield code='c'>GPO</subfield>
        <subfield code='d'>MvI-cor</subfield>
      </datafield>
      <datafield ind1=' ' ind2=' ' tag='043'>
        <subfield code='a'>n-us---</subfield>
      </datafield>
      <datafield ind1=' ' ind2=' ' tag='074'>
        <subfield code='a'>1028-A</subfield>
      </datafield>
      <datafield ind1=' ' ind2=' ' tag='074'>
        <subfield code='a'>1028-B(MF)</subfield>
      </datafield>
      <datafield ind1='0' ind2=' ' tag='086'>
        <subfield code='a'>Y 4.W 36:WMCP 100-35</subfield>
      </datafield>
      <datafield ind1=' ' ind2=' ' tag='088'>
        <subfield code='a'>WMCP 100-35</subfield>
      </datafield>
      <datafield ind1='0' ind2='0' tag='245'>
        <subfield code='a'>Written comments on proposed implementation of the Harmonized Commodity Description and Coding System ... /</subfield>
        <subfield code='c'>U.S. House of Representatives, Committee on Ways and Means.</subfield>
      </datafield>
      <datafield ind1=' ' ind2=' ' tag='260'>
        <subfield code='a'>Washington :</subfield>
        <subfield code='b'>U.S. G.P.O. :</subfield>
        <subfield code='b'>For sale by the Supt. of Docs., Congressional Sales Office, U.S. G.P.O.,</subfield>
        <subfield code='c'>1988.</subfield>
      </datafield>
      <datafield ind1=' ' ind2=' ' tag='300'>
        <subfield code='a'>ix, 232 p. :</subfield>
        <subfield code='b'>ill. ;</subfield>
        <subfield code='c'>24 cm.</subfield>
      </datafield>
      <datafield ind1=' ' ind2=' ' tag='500'>
        <subfield code='a'>At head of title: 100th Congress, 2d Session. Committee print.</subfield>
      </datafield>
      <datafield ind1=' ' ind2=' ' tag='500'>
        <subfield code='a'>Distributed to some depository libraries in microfiche.</subfield>
      </datafield>
      <datafield ind1=' ' ind2=' ' tag='500'>
        <subfield code='a'>Shipping list no.: 88-471-P.</subfield>
      </datafield>
      <datafield ind1=' ' ind2=' ' tag='500'>
        <subfield code='a'>&quot;July 12, 1988.&quot;</subfield>
      </datafield>
      <datafield ind1=' ' ind2=' ' tag='500'>
        <subfield code='a'>&quot;WMCP:100-35.&quot;</subfield>
      </datafield>
      <datafield ind1=' ' ind2=' ' tag='504'>
        <subfield code='a'>Includes bibliographical references.</subfield>
      </datafield>
      <datafield ind1=' ' ind2='0' tag='650'>
        <subfield code='a'>Tariff</subfield>
        <subfield code='z'>United States</subfield>
        <subfield code='v'>Terminology and classification.</subfield>
      </datafield>
      <datafield ind1=' ' ind2='0' tag='650'>
        <subfield code='a'>Commercial products</subfield>
        <subfield code='z'>United States</subfield>
        <subfield code='v'>Classification.</subfield>
      </datafield>
      <datafield ind1='1' ind2=' ' tag='710'>
        <subfield code='a'>United States.</subfield>
        <subfield code='b'>Congress.</subfield>
        <subfield code='b'>House.</subfield>
        <subfield code='b'>Committee on Ways and Means.</subfield>
      </datafield>
      <datafield ind1=' ' ind2=' ' tag='907'>
        <subfield code='a'>b3336282</subfield>
      </datafield>
      <datafield ind1='9' ind2='1' tag='999'>
        <subfield code='i'>i4750229</subfield>
        <subfield code='l'>dcpf</subfield>
        <subfield code='s'>-</subfield>
        <subfield code='t'>20</subfield>
        <subfield code='c'>1</subfield>
        <subfield code='o'>0</subfield>
        <subfield code='b'>00019167492</subfield>
        <subfield code='p'>086</subfield>
        <subfield code='q'>|aY 4.W 36:WMCP 100-35</subfield>
      </datafield>
      <datafield ind1='9' ind2='1' tag='999'>
        <subfield code='i'>i4750228</subfield>
        <subfield code='l'>kdfc</subfield>
        <subfield code='s'>o</subfield>
        <subfield code='t'>27</subfield>
        <subfield code='c'>1</subfield>
        <subfield code='o'>0</subfield>
        <subfield code='b'>HBDZ-7503-00001</subfield>
        <subfield code='p'>086</subfield>
        <subfield code='q'>|aY 4.W 36:WMCP 100-35</subfield>
      </datafield>
  </record>