
  <record>
    <leader>00000cam a2200349Ia 4500</leader>
      <controlfield tag='008'>141027s2014    fr ab  g b    001 0 fre d</controlfield>
      <controlfield tag='001'>894848844</controlfield>
      <controlfield tag='003'>OCoLC</controlfield>
      <controlfield tag='005'>20150122041658.0</controlfield>
      <datafield ind1=' ' ind2=' ' tag='020'>
        <subfield code='a'>9782753535480 (pbk.)</subfield>
      </datafield>
      <datafield ind1=' ' ind2=' ' tag='020'>
        <subfield code='a'>2753535485 (pbk.)</subfield>
      </datafield>
      <datafield ind1=' ' ind2=' ' tag='035'>
        <subfield code='a'>(OCoLC)894848844</subfield>
      </datafield>
      <datafield ind1=' ' ind2=' ' tag='040'>
        <subfield code='a'>AUXAM</subfield>
        <subfield code='b'>eng</subfield>
        <subfield code='c'>AUXAM</subfield>
        <subfield code='d'>OCLCO</subfield>
        <subfield code='d'>TEF</subfield>
        <subfield code='d'>OCLCO</subfield>
        <subfield code='d'>NOC</subfield>
      </datafield>
      <datafield ind1=' ' ind2=' ' tag='043'>
        <subfield code='a'>e-fr---</subfield>
      </datafield>
      <datafield ind1='1' ind2='4' tag='050'>
        <subfield code='a'>D548</subfield>
        <subfield code='b'>.A73 2014</subfield>
      </datafield>
      <datafield ind1='0' ind2='0' tag='245'>
        <subfield code='a'>Archives de la Grande Guerre :</subfield>
        <subfield code='b'>des sources pour l&apos;histoire /</subfield>
        <subfield code='c'>sous la direction de Philippe Nivet, Coraline Coutant-Daydé et Mathieu Stoll ; avec la participation de Jean-Baptiste Auzel ... [et al.] ; préface de Hervé Lemoine.</subfield>
      </datafield>
      <datafield ind1=' ' ind2='1' tag='264'>
        <subfield code='a'>Rennes :</subfield>
        <subfield code='b'>Presses universitaires de Rennes ;</subfield>
        <subfield code='a'>[Paris] :</subfield>
        <subfield code='b'>Archives de France,</subfield>
        <subfield code='c'>[2014]</subfield>
      </datafield>
      <datafield ind1=' ' ind2=' ' tag='300'>
        <subfield code='a'>570 p. :</subfield>
        <subfield code='b'>ill., maps ;</subfield>
        <subfield code='c'>24 cm.</subfield>
      </datafield>
      <datafield ind1=' ' ind2=' ' tag='504'>
        <subfield code='a'>Includes bibliographical references and index.</subfield>
      </datafield>
      <datafield ind1=' ' ind2='0' tag='650'>
        <subfield code='a'>World War, 1914-1918</subfield>
        <subfield code='z'>France.</subfield>
      </datafield>
      <datafield ind1='1' ind2=' ' tag='700'>
        <subfield code='a'>Nivet, Philippe,</subfield>
        <subfield code='d'>1967-</subfield>
      </datafield>
      <datafield ind1='1' ind2=' ' tag='700'>
        <subfield code='a'>Coutant-Daydé, Coraline.</subfield>
      </datafield>
      <datafield ind1='1' ind2=' ' tag='700'>
        <subfield code='a'>Stoll, Mathieu.</subfield>
      </datafield>
      <datafield ind1=' ' ind2='0' tag='830'>
        <subfield code='a'>Collection &quot;Histoire&quot; (Rennes, France)</subfield>
      </datafield>
      <datafield ind1=' ' ind2=' ' tag='907'>
        <subfield code='a'>b7994603</subfield>
      </datafield>
      <datafield ind1='9' ind2='1' tag='999'>
        <subfield code='i'>i10685156</subfield>
        <subfield code='l'>ddda</subfield>
        <subfield code='s'>-</subfield>
        <subfield code='t'>0</subfield>
        <subfield code='c'>1</subfield>
        <subfield code='o'>0</subfield>
        <subfield code='b'>00048220691</subfield>
        <subfield code='p'>050</subfield>
        <subfield code='q'>|aD548|b.A73 2014</subfield>
      </datafield>
  </record>