
  <record>
    <leader>00000nam a2200361 i 4500</leader>
      <controlfield tag='006'>m     o  d</controlfield>
      <controlfield tag='007'>cr  n</controlfield>
      <controlfield tag='008'>140320s2008    nyu|||||o|||||1|||||eng d</controlfield>
      <controlfield tag='001'>sse0001137682</controlfield>
      <controlfield tag='003'>WaSeSS</controlfield>
      <controlfield tag='005'>20140407180241.0</controlfield>
      <datafield ind1=' ' ind2=' ' tag='020'>
        <subfield code='a'>9781595939197 (print)</subfield>
      </datafield>
      <datafield ind1=' ' ind2=' ' tag='040'>
        <subfield code='a'>WaSeSS</subfield>
        <subfield code='b'>eng</subfield>
        <subfield code='c'>WaSeSS</subfield>
        <subfield code='d'>WaSeSS</subfield>
      </datafield>
      <datafield ind1='1' ind2='4' tag='050'>
        <subfield code='a'>QA76.62</subfield>
      </datafield>
      <datafield ind1='2' ind2=' ' tag='111'>
        <subfield code='a'>ACM SIGPLAN International Conference on Functional Programming</subfield>
        <subfield code='n'>(13th :</subfield>
        <subfield code='d'>2008 :</subfield>
        <subfield code='c'>Victoria, B.C.)</subfield>
      </datafield>
      <datafield ind1='1' ind2='0' tag='245'>
        <subfield code='a'>ICFP &apos;08</subfield>
        <subfield code='h'>[electronic resource] :</subfield>
        <subfield code='b'>proceedings of the 2008 SIGPLAN International Conference on Functional Programming : Victoria, British Columbia, Canada, September 22-24, 2008 /</subfield>
        <subfield code='c'>sponsored by ACM Special Interest Group on Programming Languages.</subfield>
      </datafield>
      <datafield ind1='1' ind2=' ' tag='246'>
        <subfield code='a'>ACM SIGPLAN International Conference on Functional Programming, Victoria, BC, Canada - September 20 - 28, 2008</subfield>
      </datafield>
      <datafield ind1='1' ind2=' ' tag='246'>
        <subfield code='a'>ICFP &apos;08</subfield>
      </datafield>
      <datafield ind1='1' ind2=' ' tag='246'>
        <subfield code='a'>International Conference on Functional Programming &apos;08 :</subfield>
        <subfield code='b'>proceedings of the 2008 Special Interest Group on Programming Languages International Conference on Functional Programming : Victoria, British Columbia, Canada, September 22-24, 2008</subfield>
      </datafield>
      <datafield ind1='1' ind2=' ' tag='246'>
        <subfield code='a'>Proceedings of the 13th ACM SIGPLAN International Conference on Functional Programming</subfield>
      </datafield>
      <datafield ind1=' ' ind2=' ' tag='260'>
        <subfield code='a'>New York :</subfield>
        <subfield code='b'>ACM,</subfield>
        <subfield code='c'>2008.</subfield>
      </datafield>
      <datafield ind1=' ' ind2=' ' tag='300'>
        <subfield code='a'>1 online resource (1 online resource (410 pages))</subfield>
      </datafield>
      <datafield ind1='1' ind2=' ' tag='506'>
        <subfield code='a'>Access limited to UNC Chapel Hill-authenticated users.</subfield>
        <subfield code='f'>Unlimited simultaneous users</subfield>
      </datafield>
      <datafield ind1=' ' ind2=' ' tag='588'>
        <subfield code='a'>Description based on: online resource; title from pdf title page (ACM Digital Library, viewed Mar. 12, 2014).</subfield>
      </datafield>
      <datafield ind1=' ' ind2='0' tag='650'>
        <subfield code='a'>Functional programming (Computer science)</subfield>
        <subfield code='v'>Congresses.</subfield>
      </datafield>
      <datafield ind1=' ' ind2='0' tag='650'>
        <subfield code='a'>Functional programming languages</subfield>
        <subfield code='v'>Congresses.</subfield>
      </datafield>
      <datafield ind1='2' ind2=' ' tag='710'>
        <subfield code='a'>ACM Special Interest Group on Programming Languages.</subfield>
      </datafield>
      <datafield ind1='0' ind2=' ' tag='773'>
        <subfield code='t'>ACM digital library ebooks (online collection). Subscribed</subfield>
      </datafield>
      <datafield ind1='0' ind2='8' tag='776'>
        <subfield code='i'>Print version:</subfield>
        <subfield code='a'>ACM SIGPLAN International Conference on Functional Programming (13th : 2008 : Victoria, B.C.)</subfield>
        <subfield code='t'>ICFP &apos;08 : proceedings of the 2008 SIGPLAN International Conference on Functional Programming : Victoria, British Columbia, Canada, September 22-24, 2008.</subfield>
        <subfield code='d'>New York : ACM, 2008</subfield>
        <subfield code='z'>9781595939197</subfield>
      </datafield>
      <datafield ind1='4' ind2='0' tag='856'>
        <subfield code='y'>Full text available via the UNC-Chapel Hill Libraries</subfield>
        <subfield code='u'>http://VB3LK7EB4T.search.serialssolutions.com/?V=1.0&amp;L=VB3LK7EB4T&amp;S=JCs&amp;C=TC0001137682&amp;T=marc</subfield>
        <subfield code='x'>ACM Digital Library</subfield>
      </datafield>
      <datafield ind1=' ' ind2='1' tag='907'>
        <subfield code='a'>b7794093</subfield>
      </datafield>
  </record>