
  <record>
    <leader>00000cas a2200457 a 4500</leader>
      <controlfield tag='006'>m        d</controlfield>
      <controlfield tag='007'>cr  n</controlfield>
      <controlfield tag='008'>980522d19811997nyumx pss     0    0eng c</controlfield>
      <controlfield tag='001'>ssj0014808</controlfield>
      <controlfield tag='003'>WaSeSS</controlfield>
      <controlfield tag='005'>20170607180156.0</controlfield>
      <datafield ind1=' ' ind2=' ' tag='010'>
        <subfield code='a'>2005233228</subfield>
      </datafield>
      <datafield ind1=' ' ind2=' ' tag='022'>
        <subfield code='a'>1873-3115</subfield>
        <subfield code='l'>0144-2449</subfield>
        <subfield code='y'>0144-2449</subfield>
      </datafield>
      <datafield ind1=' ' ind2=' ' tag='035'>
        <subfield code='z'>39166873</subfield>
      </datafield>
      <datafield ind1=' ' ind2=' ' tag='040'>
        <subfield code='a'>OH1</subfield>
        <subfield code='b'>eng</subfield>
        <subfield code='c'>OH1</subfield>
        <subfield code='d'>OCL</subfield>
        <subfield code='d'>OCLCQ</subfield>
        <subfield code='d'>GUA</subfield>
        <subfield code='d'>VRC</subfield>
        <subfield code='d'>WAU</subfield>
        <subfield code='d'>OCLCQ</subfield>
        <subfield code='d'>OCLCF</subfield>
        <subfield code='d'>OCLCQ</subfield>
        <subfield code='d'>WaSeSS</subfield>
      </datafield>
      <datafield ind1=' ' ind2=' ' tag='042'>
        <subfield code='a'>pcc</subfield>
      </datafield>
      <datafield ind1='1' ind2='4' tag='050'>
        <subfield code='a'>TP159</subfield>
      </datafield>
      <datafield ind1='0' ind2=' ' tag='130'>
        <subfield code='a'>Zeolites (Online)</subfield>
      </datafield>
      <datafield ind1=' ' ind2='0' tag='222'>
        <subfield code='a'>Zeolites</subfield>
        <subfield code='b'>(Amsterdam. Online)</subfield>
      </datafield>
      <datafield ind1='1' ind2='0' tag='245'>
        <subfield code='a'>Zeolites</subfield>
        <subfield code='h'>[electronic resource].</subfield>
      </datafield>
      <datafield ind1=' ' ind2=' ' tag='260'>
        <subfield code='a'>Guildford, England :</subfield>
        <subfield code='b'>IPC Science and Technology Press</subfield>
      </datafield>
      <datafield ind1=' ' ind2=' ' tag='310'>
        <subfield code='a'>Twelve issues a year,</subfield>
        <subfield code='b'>-1997</subfield>
      </datafield>
      <datafield ind1=' ' ind2=' ' tag='321'>
        <subfield code='a'>Quarterly,</subfield>
        <subfield code='b'>1981-1984</subfield>
      </datafield>
      <datafield ind1=' ' ind2=' ' tag='321'>
        <subfield code='a'>Bimonthly,</subfield>
        <subfield code='b'>1985-1989</subfield>
      </datafield>
      <datafield ind1=' ' ind2=' ' tag='321'>
        <subfield code='a'>Eight issues a year,</subfield>
        <subfield code='b'>1990-</subfield>
      </datafield>
      <datafield ind1='0' ind2=' ' tag='362'>
        <subfield code='a'>Vol. 1, issue 1 (Apr. 1981)-v. 19, issues 5/6 (Nov./Dec. 1997).</subfield>
      </datafield>
      <datafield ind1=' ' ind2=' ' tag='500'>
        <subfield code='a'>Title from contents screen (ScienceDirect, viewed Nov. 1, 2005).</subfield>
      </datafield>
      <datafield ind1=' ' ind2=' ' tag='500'>
        <subfield code='a'>Published: Stoneham, MA : Butterworth Publishers, &lt;Nov. 1987-&gt;; New York, NY : Elsevier, -1997.</subfield>
      </datafield>
      <datafield ind1=' ' ind2=' ' tag='538'>
        <subfield code='a'>Mode of access: World Wide Web.</subfield>
      </datafield>
      <datafield ind1=' ' ind2=' ' tag='580'>
        <subfield code='a'>Merged with: Microporous materials (Online), to form: Microporous and mesoporous materials (Online).</subfield>
      </datafield>
      <datafield ind1=' ' ind2='0' tag='650'>
        <subfield code='a'>Zeolites</subfield>
        <subfield code='v'>Periodicals.</subfield>
      </datafield>
      <datafield ind1=' ' ind2='0' tag='650'>
        <subfield code='a'>Molecular sieves</subfield>
        <subfield code='v'>Periodicals.</subfield>
      </datafield>
      <datafield ind1=' ' ind2='7' tag='650'>
        <subfield code='a'>Molecular sieves.</subfield>
        <subfield code='2'>fast</subfield>
        <subfield code='0'>(OCoLC)fst01024833</subfield>
      </datafield>
      <datafield ind1=' ' ind2='7' tag='650'>
        <subfield code='a'>Zeolites.</subfield>
        <subfield code='2'>fast</subfield>
        <subfield code='0'>(OCoLC)fst01184265</subfield>
      </datafield>
      <datafield ind1=' ' ind2='0' tag='655'>
        <subfield code='a'>Electronic journals.</subfield>
      </datafield>
      <datafield ind1='2' ind2=' ' tag='710'>
        <subfield code='a'>ScienceDirect (Online service)</subfield>
      </datafield>
      <datafield ind1='1' ind2=' ' tag='776'>
        <subfield code='t'>Zeolites</subfield>
        <subfield code='x'>0144-2449</subfield>
        <subfield code='w'>(DLC)   83640974</subfield>
        <subfield code='w'>(OCoLC)7518623</subfield>
      </datafield>
      <datafield ind1='1' ind2='7' tag='785'>
        <subfield code='t'>Microporous materials (Online)</subfield>
        <subfield code='x'>1873-3107</subfield>
        <subfield code='w'>(DLC)  2005233212</subfield>
        <subfield code='w'>(OCoLC)39061784</subfield>
      </datafield>
      <datafield ind1='1' ind2='7' tag='785'>
        <subfield code='t'>Microporous and mesoporous materials (Online)</subfield>
        <subfield code='x'>1873-3093</subfield>
        <subfield code='w'>(DLC)  2005233217</subfield>
        <subfield code='w'>(OCoLC)41093651</subfield>
      </datafield>
      <datafield ind1='4' ind2='0' tag='856'>
        <subfield code='y'>Full text available via the UNC-Chapel Hill Libraries</subfield>
        <subfield code='u'>http://VB3LK7EB4T.search.serialssolutions.com/?V=1.0&amp;L=VB3LK7EB4T&amp;S=JCs&amp;C=ZEOL&amp;T=marc</subfield>
        <subfield code='x'>ScienceDirect Freedom Collection 2017</subfield>
        <subfield code='x'>Backfile Package - Materials Science [YMS]</subfield>
      </datafield>
      <datafield ind1=' ' ind2='2' tag='907'>
        <subfield code='a'>b5863909</subfield>
      </datafield>
  </record>