
  <record>
    <leader>00000ntm  2200289Ka 4500</leader>
      <controlfield tag='008'>080110s2007    xx a    bb    000 0 eng d</controlfield>
      <controlfield tag='007'>he am||||||||</controlfield>
      <controlfield tag='001'>190628187</controlfield>
      <controlfield tag='003'>OCoLC</controlfield>
      <controlfield tag='005'>20080110115438.0</controlfield>
      <datafield ind1=' ' ind2=' ' tag='035'>
        <subfield code='a'>(OCoLC)190628187</subfield>
      </datafield>
      <datafield ind1=' ' ind2=' ' tag='040'>
        <subfield code='a'>NOC</subfield>
        <subfield code='c'>NOC</subfield>
      </datafield>
      <datafield ind1=' ' ind2=' ' tag='049'>
        <subfield code='a'>[Micro-][fiche]NOCF</subfield>
      </datafield>
      <datafield ind1='1' ind2=' ' tag='100'>
        <subfield code='a'>Piascik, Jeffrey Robert.</subfield>
      </datafield>
      <datafield ind1='1' ind2='0' tag='245'>
        <subfield code='a'>Evaluation of structure and material properties of RF magnetron sputter-deposited yttria-stabilized zirconia thin films</subfield>
        <subfield code='h'>[microform] /</subfield>
        <subfield code='c'>Jeffrey Robert Piascik.</subfield>
      </datafield>
      <datafield ind1=' ' ind2=' ' tag='260'>
        <subfield code='c'>2007.</subfield>
      </datafield>
      <datafield ind1=' ' ind2=' ' tag='300'>
        <subfield code='a'>xvi, 137 leaves :</subfield>
        <subfield code='b'>ill. ;</subfield>
        <subfield code='c'>29 cm.</subfield>
      </datafield>
      <datafield ind1=' ' ind2=' ' tag='502'>
        <subfield code='a'>Thesis (Ph. D.)--University of North Carolina at Chapel Hill, 2007.</subfield>
      </datafield>
      <datafield ind1=' ' ind2=' ' tag='504'>
        <subfield code='a'>Includes bibliographical references (leaves 131-137).</subfield>
      </datafield>
      <datafield ind1=' ' ind2=' ' tag='533'>
        <subfield code='a'>Microfiche.</subfield>
        <subfield code='b'>Ann Arbor, Mich. :</subfield>
        <subfield code='c'>UMI,</subfield>
        <subfield code='d'>2007.</subfield>
        <subfield code='e'>2 microfiche ; 11 x 15 cm.</subfield>
        <subfield code='7'>s2007    miun b</subfield>
      </datafield>
      <datafield ind1=' ' ind2=' ' tag='919'>
        <subfield code='a'>590 touched / wkg</subfield>
      </datafield>
      <datafield ind1=' ' ind2=' ' tag='907'>
        <subfield code='a'>b5324289</subfield>
      </datafield>
      <datafield ind1='9' ind2='1' tag='999'>
        <subfield code='i'>i7026647</subfield>
        <subfield code='l'>dgdae</subfield>
        <subfield code='s'>-</subfield>
        <subfield code='t'>27</subfield>
        <subfield code='c'>1</subfield>
        <subfield code='o'>0</subfield>
        <subfield code='b'>00039181884</subfield>
        <subfield code='p'>099</subfield>
        <subfield code='q'>|aThesis|aMatls.|aSci.|a2007|aP5812</subfield>
      </datafield>
  </record>