
  <record>
    <leader>00000cam a2200229Ia 4500</leader>
      <controlfield tag='008'>861016q17001799sp            000 0 spa d</controlfield>
      <controlfield tag='001'>14406412</controlfield>
      <controlfield tag='005'>19861016000000.0</controlfield>
      <datafield ind1=' ' ind2=' ' tag='040'>
        <subfield code='a'>NOC</subfield>
        <subfield code='c'>NOC</subfield>
      </datafield>
      <datafield ind1='1' ind2=' ' tag='100'>
        <subfield code='a'>Cañizares, José de,</subfield>
        <subfield code='d'>1676-1750.</subfield>
      </datafield>
      <datafield ind1='1' ind2='3' tag='245'>
        <subfield code='a'>El triunfo del Ave María :</subfield>
        <subfield code='b'>comedia famosa /</subfield>
        <subfield code='c'>de un ingenio de esta corte.</subfield>
      </datafield>
      <datafield ind1=' ' ind2=' ' tag='260'>
        <subfield code='a'>[Madrid] :</subfield>
        <subfield code='b'>Librería de Cuesta [distributor],</subfield>
        <subfield code='c'>[17--?]</subfield>
      </datafield>
      <datafield ind1=' ' ind2=' ' tag='300'>
        <subfield code='a'>36 p. ;</subfield>
        <subfield code='c'>24 cm.</subfield>
      </datafield>
      <datafield ind1=' ' ind2=' ' tag='500'>
        <subfield code='a'>Caption title.</subfield>
      </datafield>
      <datafield ind1=' ' ind2=' ' tag='500'>
        <subfield code='a'>No. 13, in vol. 22 with binder&apos;s title: Teatro Antiguo.</subfield>
      </datafield>
      <datafield ind1=' ' ind2=' ' tag='907'>
        <subfield code='a'>b2149859</subfield>
      </datafield>
      <datafield ind1='9' ind2='1' tag='999'>
        <subfield code='i'>i3101897</subfield>
        <subfield code='l'>wcda</subfield>
        <subfield code='s'>o</subfield>
        <subfield code='t'>0</subfield>
        <subfield code='c'>1</subfield>
        <subfield code='o'>0</subfield>
        <subfield code='b'>00003741614</subfield>
        <subfield code='p'>090</subfield>
        <subfield code='q'>|aPQ6217 .T444 v. 22, no. 13</subfield>
      </datafield>
      <datafield ind1='9' ind2='2' tag='999'>
        <subfield code='a'>c2376274</subfield>
        <subfield code='b'>wcda</subfield>
        <subfield code='c'>0</subfield>
      </datafield>
      <datafield ind1='9' ind2='3' tag='999'>
        <subfield code='0'>c2376274</subfield>
        <subfield code='2'>852</subfield>
        <subfield code='3'>c</subfield>
        <subfield code='b'>572211</subfield>
        <subfield code='h'>PQ6217</subfield>
        <subfield code='i'>.T444 v. 22, no. 13</subfield>
      </datafield>
      <datafield ind1='9' ind2='3' tag='999'>
        <subfield code='0'>c2376274</subfield>
        <subfield code='2'>852</subfield>
        <subfield code='3'>e</subfield>
        <subfield code='p'>00003741614</subfield>
        <subfield code='t'>1</subfield>
      </datafield>
  </record>