
  <record>
    <leader>00000cam  2200409M  4500</leader>
      <controlfield tag='008'>840209s1971    enk           000 0 eng d</controlfield>
      <controlfield tag='001'>233260389</controlfield>
      <controlfield tag='003'>OCoLC</controlfield>
      <datafield ind1='8' ind2=' ' tag='024'>
        <subfield code='a'>KINGWOOD</subfield>
      </datafield>
      <datafield ind1=' ' ind2=' ' tag='040'>
        <subfield code='a'>CMalG</subfield>
        <subfield code='c'>MZA</subfield>
      </datafield>
      <datafield ind1=' ' ind2=' ' tag='042'>
        <subfield code='a'>scipio</subfield>
      </datafield>
      <datafield ind1='2' ind2=' ' tag='110'>
        <subfield code='a'>Sotheby &amp; Co. (London, England)</subfield>
      </datafield>
      <datafield ind1='1' ind2='0' tag='245'>
        <subfield code='a'>Rugs and carpets ... textiles ... ship models ... good English furniture</subfield>
      </datafield>
      <datafield ind1='1' ind2='4' tag='246'>
        <subfield code='a'>Fine English furniture, ship models, textiles, and rugs and carpets</subfield>
      </datafield>
      <datafield ind1=' ' ind2=' ' tag='260'>
        <subfield code='a'>London :</subfield>
        <subfield code='b'>Sotheby &amp; Co.,</subfield>
        <subfield code='c'>1971</subfield>
      </datafield>
      <datafield ind1=' ' ind2=' ' tag='300'>
        <subfield code='b'>ill</subfield>
      </datafield>
      <datafield ind1=' ' ind2=' ' tag='500'>
        <subfield code='a'>Sale code: KINGWOOD</subfield>
      </datafield>
      <datafield ind1=' ' ind2=' ' tag='500'>
        <subfield code='a'>Price list tipped in.</subfield>
      </datafield>
      <datafield ind1=' ' ind2=' ' tag='518'>
        <subfield code='a'>Place of sale: London</subfield>
      </datafield>
      <datafield ind1=' ' ind2=' ' tag='518'>
        <subfield code='a'>Date of sale: Dec. 10, 1971</subfield>
      </datafield>
      <datafield ind1=' ' ind2=' ' tag='653'>
        <subfield code='a'>Marquis of Waterford</subfield>
      </datafield>
      <datafield ind1=' ' ind2=' ' tag='653'>
        <subfield code='a'>Chevalier R. de Roover</subfield>
      </datafield>
      <datafield ind1=' ' ind2=' ' tag='653'>
        <subfield code='a'>Major General K.R. Stephens</subfield>
      </datafield>
      <datafield ind1=' ' ind2=' ' tag='653'>
        <subfield code='a'>Mrs. H.S. Irwine</subfield>
      </datafield>
      <datafield ind1=' ' ind2=' ' tag='653'>
        <subfield code='a'>Sir Michael and Lady Faith Culme Seymour</subfield>
      </datafield>
      <datafield ind1=' ' ind2=' ' tag='653'>
        <subfield code='a'>Miss Humphreys Owen</subfield>
      </datafield>
      <datafield ind1=' ' ind2=' ' tag='653'>
        <subfield code='a'>Trustees of F.W. Stone</subfield>
      </datafield>
      <datafield ind1=' ' ind2=' ' tag='653'>
        <subfield code='a'>Trustees of S.R. Christie Miller</subfield>
      </datafield>
      <datafield ind1=' ' ind2=' ' tag='653'>
        <subfield code='a'>Trustees of the Evelyn Waugh Settlement</subfield>
      </datafield>
      <datafield ind1=' ' ind2=' ' tag='653'>
        <subfield code='a'>Captain A.A.D. Sevastopolu</subfield>
      </datafield>
      <datafield ind1=' ' ind2='7' tag='655'>
        <subfield code='a'>Auction catalogs.</subfield>
        <subfield code='2'>aat</subfield>
      </datafield>
      <datafield ind1=' ' ind2='7' tag='655'>
        <subfield code='a'>Auction catalogs.</subfield>
        <subfield code='2'>rbgenr</subfield>
      </datafield>
      <datafield ind1=' ' ind2='7' tag='655'>
        <subfield code='a'>Price list.</subfield>
        <subfield code='2'>aat</subfield>
      </datafield>
      <datafield ind1=' ' ind2=' ' tag='907'>
        <subfield code='a'>b7179872</subfield>
      </datafield>
      <datafield ind1='9' ind2='1' tag='999'>
        <subfield code='i'>i9678370</subfield>
        <subfield code='l'>traas</subfield>
        <subfield code='s'>o</subfield>
        <subfield code='t'>79</subfield>
        <subfield code='c'>1</subfield>
        <subfield code='o'>0</subfield>
        <subfield code='b'>00044702116</subfield>
        <subfield code='p'>099</subfield>
        <subfield code='q'>|aSotheby&apos;s 1971.12.10</subfield>
        <subfield code='n'>Please contact the Sloane Art Library for assistance.  Phone:  (919) 962-2397.  Email address: artlib_recall@listserv.unc.edu.</subfield>
      </datafield>
  </record>