
  <record>
    <leader>00000cam  2200289Ia 4500</leader>
      <controlfield tag='006'>m    |   j |</controlfield>
      <controlfield tag='008'>950123s1823    enk     s     000 0 eng d</controlfield>
      <controlfield tag='007'>cr||n||||||||n</controlfield>
      <controlfield tag='001'>moml31871004 </controlfield>
      <controlfield tag='003'>OCoLC</controlfield>
      <controlfield tag='005'>20040317073712.0</controlfield>
      <datafield ind1=' ' ind2=' ' tag='035'>
        <subfield code='a'>(OCoLC)60728793</subfield>
      </datafield>
      <datafield ind1=' ' ind2=' ' tag='040'>
        <subfield code='a'>NLT</subfield>
        <subfield code='c'>NLT</subfield>
        <subfield code='d'>OCL</subfield>
        <subfield code='d'>Thomson Gale</subfield>
      </datafield>
      <datafield ind1=' ' ind2=' ' tag='043'>
        <subfield code='a'>e-uk---</subfield>
      </datafield>
      <datafield ind1='0' ind2='2' tag='245'>
        <subfield code='a'>A Supplement to Dr. Burn&apos;s Justice of the peace</subfield>
        <subfield code='h'>[electronic resource] :</subfield>
        <subfield code='b'>being a supplement to the six volumes of the twenty-third edition of that work, for the year 1823 /</subfield>
        <subfield code='c'>from the Law journal.</subfield>
      </datafield>
      <datafield ind1=' ' ind2=' ' tag='260'>
        <subfield code='a'>London :</subfield>
        <subfield code='b'>J.W. Paget,</subfield>
        <subfield code='c'>[1823?]</subfield>
      </datafield>
      <datafield ind1=' ' ind2=' ' tag='300'>
        <subfield code='a'>iv, 99 p. ;</subfield>
        <subfield code='c'>24 cm.</subfield>
      </datafield>
      <datafield ind1=' ' ind2=' ' tag='500'>
        <subfield code='a'>Reproduction of original from Harvard Law School Library.</subfield>
      </datafield>
      <datafield ind1='4' ind2=' ' tag='510'>
        <subfield code='a'>OCLC,</subfield>
        <subfield code='c'>31871004</subfield>
      </datafield>
      <datafield ind1=' ' ind2=' ' tag='533'>
        <subfield code='a'>Electronic reproduction.</subfield>
        <subfield code='b'>Farmington Hills, Mich. :</subfield>
        <subfield code='c'>Thomson Gale,</subfield>
        <subfield code='d'>2004.</subfield>
        <subfield code='n'>Available via the World Wide Web.</subfield>
        <subfield code='n'>Access limited by licensing agreements.</subfield>
        <subfield code='7'>s2004    miunns</subfield>
      </datafield>
      <datafield ind1=' ' ind2='0' tag='650'>
        <subfield code='a'>Justices of the peace</subfield>
        <subfield code='z'>Great Britain.</subfield>
      </datafield>
      <datafield ind1='1' ind2=' ' tag='700'>
        <subfield code='a'>Burn, Richard,</subfield>
        <subfield code='d'>1709-1785.</subfield>
        <subfield code='t'>Justice of the peace and parish officer.</subfield>
        <subfield code='s'>23rd ed.</subfield>
      </datafield>
      <datafield ind1='0' ind2=' ' tag='730'>
        <subfield code='a'>Law journal.</subfield>
      </datafield>
      <datafield ind1=' ' ind2='0' tag='830'>
        <subfield code='a'>Making of modern law.</subfield>
      </datafield>
      <datafield ind1='4' ind2='0' tag='856'>
        <subfield code='u'>http://libproxy.lib.unc.edu/login?url=http://galenet.galegroup.com/servlet/MOML?af=RN&amp;ae=F105287071&amp;srchtp=a&amp;ste=14&amp;q=unc_main</subfield>
        <subfield code='y'>Full text available via the UNC-Chapel Hill Libraries</subfield>
      </datafield>
      <datafield ind1=' ' ind2=' ' tag='907'>
        <subfield code='a'>b4932553</subfield>
      </datafield>
  </record>