
  <record>
    <leader>00000cam  2200217   4500</leader>
      <controlfield tag='008'>920125s1967    enkcf    b    000 0beng  </controlfield>
      <controlfield tag='001'>330885</controlfield>
      <controlfield tag='005'>19920125000000.0</controlfield>
      <datafield ind1=' ' ind2=' ' tag='010'>
        <subfield code='a'>67094090</subfield>
      </datafield>
      <datafield ind1=' ' ind2=' ' tag='015'>
        <subfield code='a'>B67-11285</subfield>
      </datafield>
      <datafield ind1=' ' ind2=' ' tag='040'>
        <subfield code='a'>DLC</subfield>
        <subfield code='c'>DLC</subfield>
        <subfield code='d'>m.c.</subfield>
      </datafield>
      <datafield ind1='0' ind2=' ' tag='050'>
        <subfield code='a'>PN2598.B63</subfield>
        <subfield code='b'>P55</subfield>
      </datafield>
      <datafield ind1='1' ind2=' ' tag='100'>
        <subfield code='a'>Playfair, Giles,</subfield>
        <subfield code='d'>1910-1996.</subfield>
      </datafield>
      <datafield ind1='1' ind2='4' tag='245'>
        <subfield code='a'>The prodigy:</subfield>
        <subfield code='b'>a study of the strange life of Master Betty</subfield>
        <subfield code='c'>[by] Giles Playfair.</subfield>
      </datafield>
      <datafield ind1=' ' ind2=' ' tag='260'>
        <subfield code='a'>London,</subfield>
        <subfield code='b'>Secker &amp; Warburg,</subfield>
        <subfield code='c'>1967.</subfield>
      </datafield>
      <datafield ind1=' ' ind2=' ' tag='300'>
        <subfield code='a'>190 p.</subfield>
        <subfield code='b'>front., 8 plates (incl. ports.).</subfield>
        <subfield code='c'>22 1/2 cm.</subfield>
      </datafield>
      <datafield ind1=' ' ind2=' ' tag='504'>
        <subfield code='a'>Bibliography: p. 181-186.</subfield>
      </datafield>
      <datafield ind1='1' ind2='0' tag='600'>
        <subfield code='a'>Betty, William Hen. West</subfield>
        <subfield code='q'>(William Henry West),</subfield>
        <subfield code='d'>1791-1874.</subfield>
      </datafield>
      <datafield ind1=' ' ind2=' ' tag='907'>
        <subfield code='a'>b1087812</subfield>
      </datafield>
      <datafield ind1='9' ind2='1' tag='999'>
        <subfield code='i'>i1156454</subfield>
        <subfield code='l'>trln</subfield>
        <subfield code='s'>-</subfield>
        <subfield code='t'>0</subfield>
        <subfield code='c'>1</subfield>
        <subfield code='o'>1</subfield>
        <subfield code='b'>00001430179</subfield>
        <subfield code='p'>090</subfield>
        <subfield code='q'>|aPN2598.B63 P55</subfield>
      </datafield>
  </record>