
  <record>
    <leader>00000cam a2200481I  4500</leader>
      <controlfield tag='008'>101003s2011    stka     b    001 0 eng d</controlfield>
      <controlfield tag='001'>668198461</controlfield>
      <controlfield tag='003'>OCoLC</controlfield>
      <controlfield tag='005'>20120126110806.0</controlfield>
      <datafield ind1='7' ind2=' ' tag='016'>
        <subfield code='a'>015809690</subfield>
        <subfield code='2'>Uk</subfield>
      </datafield>
      <datafield ind1=' ' ind2=' ' tag='020'>
        <subfield code='a'>9781906716233</subfield>
      </datafield>
      <datafield ind1=' ' ind2=' ' tag='020'>
        <subfield code='a'>1906716234</subfield>
      </datafield>
      <datafield ind1=' ' ind2=' ' tag='035'>
        <subfield code='a'>(OCoLC)668198461</subfield>
      </datafield>
      <datafield ind1=' ' ind2=' ' tag='040'>
        <subfield code='a'>BTCTA</subfield>
        <subfield code='b'>eng</subfield>
        <subfield code='c'>BTCTA</subfield>
        <subfield code='d'>YDXCP</subfield>
        <subfield code='d'>UKMGB</subfield>
        <subfield code='d'>BWK</subfield>
        <subfield code='d'>CDX</subfield>
        <subfield code='d'>NLE</subfield>
        <subfield code='d'>CUD</subfield>
        <subfield code='d'>DEBBG</subfield>
        <subfield code='d'>UAB</subfield>
        <subfield code='d'>NOC</subfield>
      </datafield>
      <datafield ind1=' ' ind2=' ' tag='049'>
        <subfield code='a'>NOCC</subfield>
      </datafield>
      <datafield ind1=' ' ind2='4' tag='050'>
        <subfield code='a'>HV1441.G7</subfield>
        <subfield code='b'>C63 2011</subfield>
      </datafield>
      <datafield ind1='0' ind2='4' tag='082'>
        <subfield code='a'>362.709411</subfield>
        <subfield code='2'>22</subfield>
      </datafield>
      <datafield ind1='1' ind2=' ' tag='100'>
        <subfield code='a'>Coburn, Annette.</subfield>
      </datafield>
      <datafield ind1='1' ind2='0' tag='245'>
        <subfield code='a'>Youth work in communities and schools /</subfield>
        <subfield code='c'>Annette Coburn and David Wallace.</subfield>
      </datafield>
      <datafield ind1=' ' ind2=' ' tag='260'>
        <subfield code='a'>Edinburgh, Scotland :</subfield>
        <subfield code='b'>Dunedin Academic Press Ltd.,</subfield>
        <subfield code='c'>c2011.</subfield>
      </datafield>
      <datafield ind1=' ' ind2=' ' tag='300'>
        <subfield code='a'>x, 117 p. :</subfield>
        <subfield code='b'>ill. ;</subfield>
        <subfield code='c'>22 cm.</subfield>
      </datafield>
      <datafield ind1=' ' ind2=' ' tag='504'>
        <subfield code='a'>Includes bibliographical referencs and index.</subfield>
      </datafield>
      <datafield ind1=' ' ind2='0' tag='650'>
        <subfield code='a'>Social work with youth</subfield>
        <subfield code='z'>Scotland.</subfield>
      </datafield>
      <datafield ind1=' ' ind2='0' tag='650'>
        <subfield code='a'>Educational sociology</subfield>
        <subfield code='z'>Scotland.</subfield>
      </datafield>
      <datafield ind1='0' ind2='7' tag='650'>
        <subfield code='a'>Schulsozialarbeit.</subfield>
        <subfield code='0'>(DE-588c)4136324-3</subfield>
        <subfield code='2'>swd</subfield>
      </datafield>
      <datafield ind1='1' ind2=' ' tag='700'>
        <subfield code='a'>Wallace, David.</subfield>
      </datafield>
      <datafield ind1=' ' ind2='0' tag='830'>
        <subfield code='a'>Policy and practice in education ;</subfield>
        <subfield code='v'>28.</subfield>
      </datafield>
      <datafield ind1=' ' ind2=' ' tag='907'>
        <subfield code='a'>b7020729</subfield>
      </datafield>
      <datafield ind1='9' ind2='1' tag='999'>
        <subfield code='i'>i9445750</subfield>
        <subfield code='l'>ddda</subfield>
        <subfield code='s'>-</subfield>
        <subfield code='t'>0</subfield>
        <subfield code='c'>1</subfield>
        <subfield code='o'>0</subfield>
        <subfield code='b'>00042546245</subfield>
        <subfield code='p'>050</subfield>
        <subfield code='q'>|aHV1441.G7|bC63 2011</subfield>
      </datafield>
  </record>