
  <record>
    <leader>00000cas a2200265 i 4500</leader>
      <controlfield tag='006'>m        d</controlfield>
      <controlfield tag='007'>cr  n</controlfield>
      <controlfield tag='008'>131226u20uuuuuualua| p|s||||||   |0eng d</controlfield>
      <controlfield tag='001'>ssj0001073679</controlfield>
      <controlfield tag='003'>WaSeSS</controlfield>
      <controlfield tag='005'>20160907180438.0</controlfield>
      <datafield ind1=' ' ind2=' ' tag='040'>
        <subfield code='a'>WaSeSS</subfield>
        <subfield code='b'>eng</subfield>
        <subfield code='c'>WaSeSS</subfield>
        <subfield code='d'>WaSeSS</subfield>
      </datafield>
      <datafield ind1=' ' ind2=' ' tag='043'>
        <subfield code='a'>f-sa---</subfield>
      </datafield>
      <datafield ind1='1' ind2='4' tag='050'>
        <subfield code='a'>HF5382.75.S6</subfield>
      </datafield>
      <datafield ind1='0' ind2=' ' tag='130'>
        <subfield code='a'>Going global career guides.</subfield>
        <subfield code='p'>South Africa (Online)</subfield>
      </datafield>
      <datafield ind1='1' ind2='0' tag='245'>
        <subfield code='a'>Going global career guides.</subfield>
        <subfield code='p'>South Africa</subfield>
        <subfield code='h'>[electronic resource].</subfield>
      </datafield>
      <datafield ind1=' ' ind2=' ' tag='260'>
        <subfield code='a'>Mobile, Alabama :</subfield>
        <subfield code='b'>Going Global</subfield>
      </datafield>
      <datafield ind1=' ' ind2=' ' tag='310'>
        <subfield code='a'>Annual</subfield>
      </datafield>
      <datafield ind1=' ' ind2=' ' tag='588'>
        <subfield code='a'>Description based on: 2004; title from title screen (ProQuest, viewed Dec. 18, 2013).</subfield>
      </datafield>
      <datafield ind1=' ' ind2=' ' tag='588'>
        <subfield code='a'>Latest issue consulted: 2006 (viewed Dec. 18, 2013).</subfield>
      </datafield>
      <datafield ind1=' ' ind2='0' tag='650'>
        <subfield code='a'>Job hunting</subfield>
        <subfield code='z'>South Africa</subfield>
        <subfield code='v'>Periodicals.</subfield>
      </datafield>
      <datafield ind1=' ' ind2='0' tag='650'>
        <subfield code='a'>Employment interviewing</subfield>
        <subfield code='x'>South Africa</subfield>
        <subfield code='v'>Periodicals.</subfield>
      </datafield>
      <datafield ind1=' ' ind2='0' tag='655'>
        <subfield code='a'>Electronic journals.</subfield>
      </datafield>
      <datafield ind1='4' ind2='0' tag='856'>
        <subfield code='y'>Full text available via the UNC-Chapel Hill Libraries</subfield>
        <subfield code='u'>http://VB3LK7EB4T.search.serialssolutions.com/?V=1.0&amp;L=VB3LK7EB4T&amp;S=JCs&amp;C=TC0001073679&amp;T=marc</subfield>
        <subfield code='x'>Career &amp; Technical Education Database</subfield>
        <subfield code='x'>ABI/INFORM Collection</subfield>
        <subfield code='x'>Military Database</subfield>
        <subfield code='x'>ProQuest Research Library</subfield>
      </datafield>
      <datafield ind1='4' ind2='0' tag='907'>
        <subfield code='a'>b7821058</subfield>
      </datafield>
  </record>