
  <record>
    <leader>00000cam  2200217 a 4500</leader>
      <controlfield tag='008'>990413s2000    mdu      b    101 0 eng  </controlfield>
      <controlfield tag='001'>41338059</controlfield>
      <controlfield tag='005'>20000406101623.0</controlfield>
      <datafield ind1=' ' ind2=' ' tag='010'>
        <subfield code='a'>99029117</subfield>
      </datafield>
      <datafield ind1=' ' ind2=' ' tag='020'>
        <subfield code='a'>0739100262 (alk. paper)</subfield>
      </datafield>
      <datafield ind1=' ' ind2=' ' tag='040'>
        <subfield code='a'>DLC</subfield>
        <subfield code='c'>DLC</subfield>
        <subfield code='d'>YDX</subfield>
        <subfield code='d'>WTS</subfield>
        <subfield code='d'>NOC</subfield>
      </datafield>
      <datafield ind1='0' ind2='0' tag='050'>
        <subfield code='a'>BT155</subfield>
        <subfield code='b'>.C68 2000</subfield>
      </datafield>
      <datafield ind1='0' ind2='4' tag='245'>
        <subfield code='a'>The covenant connection :</subfield>
        <subfield code='b'>from federal theology to modern federalism /</subfield>
        <subfield code='c'>edited by Daniel J. Elazar and John Kincaid.</subfield>
      </datafield>
      <datafield ind1=' ' ind2=' ' tag='260'>
        <subfield code='a'>Lanham :</subfield>
        <subfield code='b'>Lexington Books,</subfield>
        <subfield code='c'>c2000.</subfield>
      </datafield>
      <datafield ind1=' ' ind2=' ' tag='300'>
        <subfield code='a'>327 p. ;</subfield>
        <subfield code='c'>23 cm.</subfield>
      </datafield>
      <datafield ind1=' ' ind2=' ' tag='504'>
        <subfield code='a'>Includes bibliographical references and index.</subfield>
      </datafield>
      <datafield ind1='0' ind2=' ' tag='505'>
        <subfield code='a'>From Biblical covenant to modern federalism : the federal theology bridge / Daniel J. Elazar -- Covenant and community in the thought of Heinrich Bullinger / J. Wayne Baker -- Covenant and federalism in the politics of Althusius / Thomas O. Hueglin -- History, humanity, and federalism in the theology and ethics of Johannes Cocceius / Charles S. McCoy -- From covenant of grace to tolerant public pluralism : the Dutch Calvinist contribution / James W. Skillen -- Covenant theology and the development of religious liberty / Charles James Butler -- John Knox : the first of the monarchomachs? / W. Stanford Reid -- The covenant concept in Scottish theology and politics / James B. Torrance -- Covenant, crown, and commons in Elizabethan Puritanism / Michael McGiffert -- Covenant motifs in seventeenth-century literature / Harold Fisch -- Covenant, body politic, and the great migration / John Peacock -- Liberty and equality from a communitarian perspective / Donald S. Lutz -- Federalsim and covenant / Daniel J. Elazar -- Covenant language in Canada : continuity and change in political discourse / Filippo Sabetti -- The covenant traditions of Dutch America / James D. Bratt.</subfield>
      </datafield>
      <datafield ind1=' ' ind2='0' tag='650'>
        <subfield code='a'>Covenant theology</subfield>
        <subfield code='x'>History of doctrines</subfield>
        <subfield code='v'>Congresses.</subfield>
      </datafield>
      <datafield ind1=' ' ind2='0' tag='650'>
        <subfield code='a'>Federal government</subfield>
        <subfield code='x'>History</subfield>
        <subfield code='v'>Congresses.</subfield>
      </datafield>
      <datafield ind1='1' ind2=' ' tag='700'>
        <subfield code='a'>Elazar, Daniel Judah.</subfield>
      </datafield>
      <datafield ind1=' ' ind2=' ' tag='907'>
        <subfield code='a'>b3395999</subfield>
      </datafield>
      <datafield ind1='9' ind2='1' tag='999'>
        <subfield code='i'>i4818184</subfield>
        <subfield code='l'>ddda</subfield>
        <subfield code='s'>-</subfield>
        <subfield code='t'>0</subfield>
        <subfield code='c'>1</subfield>
        <subfield code='o'>13</subfield>
        <subfield code='b'>00017432994</subfield>
        <subfield code='p'>090</subfield>
        <subfield code='q'>|aBT155 .C68 2000</subfield>
      </datafield>
  </record>