
  <record>
    <leader>00000nam  2200313M  4500</leader>
      <controlfield tag='008'>040423s1991    enk           000 0 eng d</controlfield>
      <controlfield tag='001'>171306729</controlfield>
      <controlfield tag='003'>OCoLC</controlfield>
      <controlfield tag='005'>20120319053411.0</controlfield>
      <datafield ind1='8' ind2=' ' tag='024'>
        <subfield code='a'>A227</subfield>
      </datafield>
      <datafield ind1=' ' ind2=' ' tag='035'>
        <subfield code='a'>(OCoLC)171306729</subfield>
      </datafield>
      <datafield ind1=' ' ind2=' ' tag='040'>
        <subfield code='a'>DNGA</subfield>
        <subfield code='c'>CUT</subfield>
        <subfield code='d'>NOC</subfield>
      </datafield>
      <datafield ind1=' ' ind2=' ' tag='042'>
        <subfield code='a'>scipio</subfield>
      </datafield>
      <datafield ind1=' ' ind2=' ' tag='049'>
        <subfield code='a'>NOCC</subfield>
      </datafield>
      <datafield ind1='2' ind2=' ' tag='110'>
        <subfield code='a'>Sotheby&apos;s Sussex.</subfield>
      </datafield>
      <datafield ind1='1' ind2='0' tag='245'>
        <subfield code='a'>Old master and British paintings.</subfield>
      </datafield>
      <datafield ind1=' ' ind2=' ' tag='260'>
        <subfield code='a'>West Sussex</subfield>
        <subfield code='c'>1991.</subfield>
      </datafield>
      <datafield ind1=' ' ind2=' ' tag='300'>
        <subfield code='a'>96 p. :</subfield>
        <subfield code='b'>ill.</subfield>
      </datafield>
      <datafield ind1=' ' ind2=' ' tag='500'>
        <subfield code='a'>Sale code: A227.</subfield>
      </datafield>
      <datafield ind1=' ' ind2=' ' tag='500'>
        <subfield code='a'>Date of sale: Monday, 22nd November, 1991</subfield>
      </datafield>
      <datafield ind1=' ' ind2=' ' tag='518'>
        <subfield code='a'>Place of auction: West Sussex.</subfield>
      </datafield>
      <datafield ind1=' ' ind2='7' tag='655'>
        <subfield code='a'>Price lists.</subfield>
        <subfield code='2'>aat</subfield>
      </datafield>
      <datafield ind1=' ' ind2='7' tag='655'>
        <subfield code='a'>Auction catalogs.</subfield>
        <subfield code='2'>rbgenr</subfield>
      </datafield>
      <datafield ind1=' ' ind2=' ' tag='907'>
        <subfield code='a'>b7064266</subfield>
      </datafield>
      <datafield ind1='9' ind2='1' tag='999'>
        <subfield code='i'>i9504448</subfield>
        <subfield code='l'>traas</subfield>
        <subfield code='s'>o</subfield>
        <subfield code='t'>79</subfield>
        <subfield code='c'>1</subfield>
        <subfield code='o'>0</subfield>
        <subfield code='b'>00040573735</subfield>
        <subfield code='p'>099</subfield>
        <subfield code='q'>|aSotheby&apos;s 1991.11.22</subfield>
        <subfield code='n'>Please contact the Sloane Art Library for assistance.  Phone:  (919) 962-2397.  Email address: artlib_recall@listserv.unc.edu.</subfield>
      </datafield>
  </record>