
  <record>
    <leader>00000nam  22002891a 4500</leader>
      <controlfield tag='006'>m        d</controlfield>
      <controlfield tag='008'>070508s1907    dcu     s    f000 0 eng d</controlfield>
      <controlfield tag='007'>cr un mmmapmmp</controlfield>
      <controlfield tag='001'>cis2004131487</controlfield>
      <datafield ind1=' ' ind2=' ' tag='040'>
        <subfield code='a'>UMI</subfield>
        <subfield code='c'>UMI</subfield>
      </datafield>
      <datafield ind1='1' ind2=' ' tag='110'>
        <subfield code='a'>United States.</subfield>
        <subfield code='b'>Congress.</subfield>
        <subfield code='b'>House.</subfield>
        <subfield code='b'>Committee on the Territories.</subfield>
      </datafield>
      <datafield ind1='1' ind2='0' tag='245'>
        <subfield code='a'>Leases of agricultural land in Hawaii. Letter from the Secretary of the Interior, transmitting a draft of a bill to amend the organic law of Hawaii with reference to the leasing of agricultural lands</subfield>
        <subfield code='h'>[electronic resource].</subfield>
      </datafield>
      <datafield ind1='1' ind2=' ' tag='246'>
        <subfield code='a'>Draft of bill to amend law of Hawaii as to leases of agricultural lands</subfield>
      </datafield>
      <datafield ind1=' ' ind2=' ' tag='260'>
        <subfield code='a'>Washington :</subfield>
        <subfield code='b'>[s.n.],</subfield>
        <subfield code='c'>1907.</subfield>
      </datafield>
      <datafield ind1=' ' ind2=' ' tag='300'>
        <subfield code='a'>2 p. :</subfield>
        <subfield code='b'>digital, PDF file.</subfield>
      </datafield>
      <datafield ind1=' ' ind2=' ' tag='500'>
        <subfield code='a'>Doc-No: H.doc.323</subfield>
      </datafield>
      <datafield ind1='1' ind2=' ' tag='506'>
        <subfield code='a'>Access limited to UNC Chapel Hill-authenticated users.</subfield>
        <subfield code='f'>Unlimited simultaneous users</subfield>
      </datafield>
      <datafield ind1='1' ind2=' ' tag='506'>
        <subfield code='a'>Reuse except for individual research requires license from ProQuest, LLC.</subfield>
      </datafield>
      <datafield ind1='0' ind2=' ' tag='588'>
        <subfield code='a'>Bibliographic data in ProQuest U.S. Serial Set Digital Collection (last viewed May 2007).</subfield>
      </datafield>
      <datafield ind1=' ' ind2='0' tag='650'>
        <subfield code='a'>Agriculture.</subfield>
      </datafield>
      <datafield ind1=' ' ind2='0' tag='650'>
        <subfield code='a'>Lease and rental services.</subfield>
      </datafield>
      <datafield ind1=' ' ind2='0' tag='651'>
        <subfield code='a'>Hawaii.</subfield>
      </datafield>
      <datafield ind1='0' ind2=' ' tag='773'>
        <subfield code='t'>ProQuest U.S. serial set (online collection). 1, 1789-1969. Monographs</subfield>
      </datafield>
      <datafield ind1='4' ind2='0' tag='856'>
        <subfield code='u'>http://libproxy.lib.unc.edu/login?url=http://congressional.proquest.com/congcomp/getdoc?SERIAL-SET-ID=5377+H.doc.323</subfield>
        <subfield code='y'>Full text available via the UNC-Chapel Hill Libraries</subfield>
      </datafield>
      <datafield ind1=' ' ind2=' ' tag='907'>
        <subfield code='a'>b5471364</subfield>
      </datafield>
  </record>