
  <record>
    <leader>00000cam  2200241I  4500</leader>
      <controlfield tag='008'>890805s1963    ctu      b    000 0 eng  </controlfield>
      <controlfield tag='001'>1087679</controlfield>
      <controlfield tag='005'>19890805000000.0</controlfield>
      <datafield ind1=' ' ind2=' ' tag='010'>
        <subfield code='a'>62019467 /L</subfield>
      </datafield>
      <datafield ind1=' ' ind2=' ' tag='040'>
        <subfield code='a'>DLC</subfield>
        <subfield code='c'>SRS</subfield>
        <subfield code='d'>OCL</subfield>
        <subfield code='d'>SER</subfield>
      </datafield>
      <datafield ind1='0' ind2=' ' tag='050'>
        <subfield code='a'>HD4904.7</subfield>
        <subfield code='b'>.S55</subfield>
      </datafield>
      <datafield ind1=' ' ind2=' ' tag='082'>
        <subfield code='a'>301.243</subfield>
      </datafield>
      <datafield ind1='1' ind2=' ' tag='100'>
        <subfield code='a'>Smigel, Erwin O.</subfield>
        <subfield code='q'>(Erwin Orson),</subfield>
        <subfield code='d'>1917-1973.</subfield>
      </datafield>
      <datafield ind1='1' ind2='0' tag='245'>
        <subfield code='a'>Work and leisure :</subfield>
        <subfield code='b'>a contemporary social problem.</subfield>
      </datafield>
      <datafield ind1=' ' ind2=' ' tag='260'>
        <subfield code='a'>New Haven :</subfield>
        <subfield code='b'>College and University Press,</subfield>
        <subfield code='c'>[1963]</subfield>
      </datafield>
      <datafield ind1=' ' ind2=' ' tag='300'>
        <subfield code='a'>208 p. ;</subfield>
        <subfield code='c'>22 cm.</subfield>
      </datafield>
      <datafield ind1=' ' ind2=' ' tag='504'>
        <subfield code='a'>Includes bibliography.</subfield>
      </datafield>
      <datafield ind1=' ' ind2='0' tag='650'>
        <subfield code='a'>Work.</subfield>
      </datafield>
      <datafield ind1=' ' ind2='0' tag='650'>
        <subfield code='a'>Leisure.</subfield>
      </datafield>
      <datafield ind1=' ' ind2='0' tag='650'>
        <subfield code='a'>Hours of labor.</subfield>
      </datafield>
      <datafield ind1=' ' ind2=' ' tag='907'>
        <subfield code='a'>b1233816</subfield>
      </datafield>
      <datafield ind1='9' ind2='1' tag='999'>
        <subfield code='i'>i1409827</subfield>
        <subfield code='l'>trln</subfield>
        <subfield code='s'>-</subfield>
        <subfield code='t'>0</subfield>
        <subfield code='c'>3</subfield>
        <subfield code='o'>2</subfield>
        <subfield code='b'>00008552620</subfield>
        <subfield code='p'>090</subfield>
        <subfield code='q'>|aHD4904.7 .S55</subfield>
      </datafield>
  </record>