
  <record>
    <leader>00000cam a2200265I  4500</leader>
      <controlfield tag='008'>890805s1973    xx            000 0 ger d</controlfield>
      <controlfield tag='001'>787502</controlfield>
      <controlfield tag='005'>19890805000000.0</controlfield>
      <datafield ind1=' ' ind2=' ' tag='040'>
        <subfield code='c'>COO</subfield>
        <subfield code='d'>m/c</subfield>
      </datafield>
      <datafield ind1='0' ind2=' ' tag='050'>
        <subfield code='a'>PC165.A8</subfield>
        <subfield code='b'>B4</subfield>
      </datafield>
      <datafield ind1='1' ind2=' ' tag='100'>
        <subfield code='a'>Berchem, Theodor.</subfield>
      </datafield>
      <datafield ind1='1' ind2='0' tag='245'>
        <subfield code='a'>Studien zum Funktionswandel bei Auxiliarien und Semi-Auxiliarien in den romanischen Sprachen:</subfield>
        <subfield code='b'>morpholog.-syntakt. Untersuchungen über gehen, haben, sein/</subfield>
        <subfield code='c'>Theodor Berchem. --</subfield>
      </datafield>
      <datafield ind1=' ' ind2=' ' tag='260'>
        <subfield code='a'>Tübingen:</subfield>
        <subfield code='b'>Niemeyer,</subfield>
        <subfield code='c'>1973.</subfield>
      </datafield>
      <datafield ind1=' ' ind2=' ' tag='300'>
        <subfield code='a'>159 p.:</subfield>
        <subfield code='b'>ill.;</subfield>
        <subfield code='c'>24cm. --</subfield>
      </datafield>
      <datafield ind1=' ' ind2=' ' tag='500'>
        <subfield code='a'>Habilitationsschrift--Universität Erlangen-Nuremberg, Erlangen.</subfield>
      </datafield>
      <datafield ind1=' ' ind2=' ' tag='504'>
        <subfield code='a'>Bibliography: p. 148-159.</subfield>
      </datafield>
      <datafield ind1=' ' ind2='0' tag='650'>
        <subfield code='a'>Romance languages</subfield>
        <subfield code='x'>Auxiliary verbs.</subfield>
      </datafield>
      <datafield ind1=' ' ind2='0' tag='830'>
        <subfield code='a'>Beihefte zur Zeitschrift für romanische Philologie ;</subfield>
        <subfield code='v'>139. Heft.</subfield>
      </datafield>
      <datafield ind1=' ' ind2=' ' tag='907'>
        <subfield code='a'>b1183447</subfield>
      </datafield>
      <datafield ind1='9' ind2='1' tag='999'>
        <subfield code='i'>i1322528</subfield>
        <subfield code='l'>trln</subfield>
        <subfield code='s'>-</subfield>
        <subfield code='t'>0</subfield>
        <subfield code='c'>1</subfield>
        <subfield code='o'>0</subfield>
        <subfield code='b'>00034986864</subfield>
        <subfield code='p'>090</subfield>
        <subfield code='q'>|aPC165.A8 B4</subfield>
      </datafield>
  </record>