
  <record>
    <leader>00000cam a22003734a 4500</leader>
      <controlfield tag='008'>090427s2009    it a     bc   000 0dita d</controlfield>
      <controlfield tag='001'>319497437</controlfield>
      <controlfield tag='003'>OCoLC</controlfield>
      <controlfield tag='005'>20130911125642.0</controlfield>
      <datafield ind1=' ' ind2=' ' tag='010'>
        <subfield code='a'>2009421304</subfield>
      </datafield>
      <datafield ind1=' ' ind2=' ' tag='020'>
        <subfield code='a'>9788849216226</subfield>
      </datafield>
      <datafield ind1=' ' ind2=' ' tag='020'>
        <subfield code='a'>884921622X</subfield>
      </datafield>
      <datafield ind1=' ' ind2=' ' tag='035'>
        <subfield code='a'>(OCoLC)319497437</subfield>
      </datafield>
      <datafield ind1=' ' ind2=' ' tag='040'>
        <subfield code='a'>ItFiC</subfield>
        <subfield code='b'>eng</subfield>
        <subfield code='c'>C3L</subfield>
        <subfield code='d'>DLC</subfield>
        <subfield code='d'>GEBAY</subfield>
        <subfield code='d'>OCLCQ</subfield>
        <subfield code='d'>ZCU</subfield>
      </datafield>
      <datafield ind1=' ' ind2=' ' tag='042'>
        <subfield code='a'>lccopycat</subfield>
      </datafield>
      <datafield ind1=' ' ind2=' ' tag='043'>
        <subfield code='a'>e-it---</subfield>
      </datafield>
      <datafield ind1=' ' ind2=' ' tag='045'>
        <subfield code='a'>x0x4</subfield>
        <subfield code='a'>x4x-</subfield>
      </datafield>
      <datafield ind1=' ' ind2=' ' tag='049'>
        <subfield code='a'>NOCC</subfield>
      </datafield>
      <datafield ind1='0' ind2='0' tag='050'>
        <subfield code='a'>N6923.G485</subfield>
        <subfield code='b'>A4 2009</subfield>
      </datafield>
      <datafield ind1='1' ind2=' ' tag='100'>
        <subfield code='a'>Ginna, Arnaldo,</subfield>
        <subfield code='d'>1890-1982.</subfield>
      </datafield>
      <datafield ind1='1' ind2='0' tag='245'>
        <subfield code='a'>Armonie e disarmonie degli stati d&apos;animo :</subfield>
        <subfield code='b'>Ginna futurista : Roma, Museo Boncompagni Ludovisi, 12 marzo-10 maggio 2009 /</subfield>
        <subfield code='c'>a cura di Micol Forti, Lucia Collarile, Mariastella Margozzi.</subfield>
      </datafield>
      <datafield ind1=' ' ind2=' ' tag='260'>
        <subfield code='a'>Roma :</subfield>
        <subfield code='b'>Gangemi,</subfield>
        <subfield code='c'>[2009]</subfield>
      </datafield>
      <datafield ind1=' ' ind2=' ' tag='300'>
        <subfield code='a'>159 p. :</subfield>
        <subfield code='b'>ill. (some col.) ;</subfield>
        <subfield code='c'>27 cm.</subfield>
      </datafield>
      <datafield ind1=' ' ind2=' ' tag='504'>
        <subfield code='a'>Includes bibliographical references (p. 155-159).</subfield>
      </datafield>
      <datafield ind1='1' ind2='0' tag='600'>
        <subfield code='a'>Ginna, Arnaldo,</subfield>
        <subfield code='d'>1890-1982</subfield>
        <subfield code='v'>Exhibitions.</subfield>
      </datafield>
      <datafield ind1=' ' ind2='0' tag='650'>
        <subfield code='a'>Futurism (Art)</subfield>
        <subfield code='z'>Italy</subfield>
        <subfield code='v'>Exhibitions.</subfield>
      </datafield>
      <datafield ind1='1' ind2=' ' tag='700'>
        <subfield code='a'>Forti, Micol.</subfield>
      </datafield>
      <datafield ind1='1' ind2=' ' tag='700'>
        <subfield code='a'>Collarile, Lucia.</subfield>
      </datafield>
      <datafield ind1='1' ind2=' ' tag='700'>
        <subfield code='a'>Margozzi, Mariastella.</subfield>
      </datafield>
      <datafield ind1='2' ind2=' ' tag='710'>
        <subfield code='a'>Museo Boncompagni Ludovisi per le arti decorative (Rome, Italy)</subfield>
      </datafield>
      <datafield ind1=' ' ind2=' ' tag='907'>
        <subfield code='a'>b7442471</subfield>
      </datafield>
      <datafield ind1='9' ind2='1' tag='999'>
        <subfield code='i'>i10104498</subfield>
        <subfield code='l'>ddda</subfield>
        <subfield code='s'>-</subfield>
        <subfield code='t'>0</subfield>
        <subfield code='c'>1</subfield>
        <subfield code='o'>2</subfield>
        <subfield code='b'>00045997493</subfield>
        <subfield code='p'>050</subfield>
        <subfield code='q'>|aN6923.G485|bA4 2009</subfield>
      </datafield>
  </record>