
  <record>
    <leader>00000cam a2200277 a 4500</leader>
      <controlfield tag='008'>900705s1989    ctuh     b    001 0 eng  </controlfield>
      <controlfield tag='001'>20167793</controlfield>
      <controlfield tag='005'>19900705000000.0</controlfield>
      <datafield ind1=' ' ind2=' ' tag='010'>
        <subfield code='a'>89012948</subfield>
      </datafield>
      <datafield ind1=' ' ind2=' ' tag='020'>
        <subfield code='a'>0887363466 (alk. paper) :</subfield>
        <subfield code='c'>$65.00</subfield>
      </datafield>
      <datafield ind1=' ' ind2=' ' tag='040'>
        <subfield code='a'>DLC</subfield>
        <subfield code='c'>DLC</subfield>
        <subfield code='d'>NOC</subfield>
      </datafield>
      <datafield ind1='0' ind2='0' tag='050'>
        <subfield code='a'>PS3509.B456</subfield>
      </datafield>
      <datafield ind1='0' ind2='0' tag='082'>
        <subfield code='a'>016.811/52</subfield>
        <subfield code='2'>20</subfield>
      </datafield>
      <datafield ind1='1' ind2=' ' tag='100'>
        <subfield code='a'>Wright, Stuart,</subfield>
        <subfield code='d'>1948-</subfield>
      </datafield>
      <datafield ind1='1' ind2='0' tag='245'>
        <subfield code='a'>Richard Eberhart :</subfield>
        <subfield code='b'>a descriptive bibliography, 1921-1987 /</subfield>
        <subfield code='c'>Stuart Wright.</subfield>
      </datafield>
      <datafield ind1=' ' ind2=' ' tag='260'>
        <subfield code='a'>Westport :</subfield>
        <subfield code='b'>Meckler,</subfield>
        <subfield code='c'>c1989.</subfield>
      </datafield>
      <datafield ind1=' ' ind2=' ' tag='300'>
        <subfield code='a'>xiii, 438 p. :</subfield>
        <subfield code='b'>facsims. ;</subfield>
        <subfield code='c'>24 cm.</subfield>
      </datafield>
      <datafield ind1='1' ind2='0' tag='600'>
        <subfield code='a'>Eberhart, Richard,</subfield>
        <subfield code='d'>1904-2005</subfield>
        <subfield code='v'>Bibliography.</subfield>
      </datafield>
      <datafield ind1=' ' ind2='0' tag='830'>
        <subfield code='a'>Meckler&apos;s literary bibliographies.</subfield>
      </datafield>
      <datafield ind1=' ' ind2=' ' tag='907'>
        <subfield code='a'>b2311993</subfield>
      </datafield>
      <datafield ind1='9' ind2='1' tag='999'>
        <subfield code='i'>i3327227</subfield>
        <subfield code='l'>trln</subfield>
        <subfield code='s'>-</subfield>
        <subfield code='t'>0</subfield>
        <subfield code='c'>1</subfield>
        <subfield code='o'>0</subfield>
        <subfield code='b'>00004925790</subfield>
        <subfield code='p'>090</subfield>
        <subfield code='q'>|aZ8253.87 .W75 1989</subfield>
      </datafield>
  </record>