
  <record>
    <leader>00000cam  2200277 a 4500</leader>
      <controlfield tag='008'>880701s1988    iauac    b   s001 0aeng  </controlfield>
      <controlfield tag='001'>16647793</controlfield>
      <controlfield tag='005'>19880701000000.0</controlfield>
      <datafield ind1=' ' ind2=' ' tag='010'>
        <subfield code='a'>87022751 //r88</subfield>
      </datafield>
      <datafield ind1=' ' ind2=' ' tag='020'>
        <subfield code='a'>0813810361</subfield>
      </datafield>
      <datafield ind1=' ' ind2=' ' tag='040'>
        <subfield code='a'>DLC</subfield>
        <subfield code='c'>DLC</subfield>
        <subfield code='d'>NOC</subfield>
      </datafield>
      <datafield ind1=' ' ind2=' ' tag='043'>
        <subfield code='a'>e------</subfield>
      </datafield>
      <datafield ind1='0' ind2=' ' tag='082'>
        <subfield code='a'>940.54/12/73</subfield>
        <subfield code='2'>19</subfield>
      </datafield>
      <datafield ind1='1' ind2=' ' tag='100'>
        <subfield code='a'>Willis, Donald J.</subfield>
        <subfield code='q'>(Donald James),</subfield>
        <subfield code='d'>1919-</subfield>
      </datafield>
      <datafield ind1='1' ind2='4' tag='245'>
        <subfield code='a'>The incredible year /</subfield>
        <subfield code='c'>Donald J. Willis.</subfield>
      </datafield>
      <datafield ind1=' ' ind2=' ' tag='250'>
        <subfield code='a'>1st ed.</subfield>
      </datafield>
      <datafield ind1=' ' ind2=' ' tag='260'>
        <subfield code='a'>Ames :</subfield>
        <subfield code='b'>Iowa State University Press,</subfield>
        <subfield code='c'>1988.</subfield>
      </datafield>
      <datafield ind1=' ' ind2=' ' tag='300'>
        <subfield code='a'>xiv, 159 p. :</subfield>
        <subfield code='b'>ill., port. ;</subfield>
        <subfield code='c'>23 cm.</subfield>
      </datafield>
      <datafield ind1=' ' ind2=' ' tag='500'>
        <subfield code='a'>Includes index.</subfield>
      </datafield>
      <datafield ind1=' ' ind2=' ' tag='504'>
        <subfield code='a'>Bibliography: p. 153.</subfield>
      </datafield>
      <datafield ind1='1' ind2='0' tag='600'>
        <subfield code='a'>Willis, Donald J.</subfield>
        <subfield code='q'>(Donald James),</subfield>
        <subfield code='d'>1919-</subfield>
      </datafield>
      <datafield ind1='1' ind2='0' tag='610'>
        <subfield code='a'>United States.</subfield>
        <subfield code='b'>Army.</subfield>
        <subfield code='b'>Armored Division, 3rd</subfield>
        <subfield code='x'>History.</subfield>
      </datafield>
      <datafield ind1='1' ind2='0' tag='610'>
        <subfield code='a'>United States.</subfield>
        <subfield code='b'>Army</subfield>
        <subfield code='v'>Biography.</subfield>
      </datafield>
      <datafield ind1=' ' ind2='0' tag='650'>
        <subfield code='a'>World War, 1939-1945</subfield>
        <subfield code='x'>Campaigns</subfield>
        <subfield code='z'>Western Front.</subfield>
      </datafield>
      <datafield ind1=' ' ind2='0' tag='650'>
        <subfield code='a'>World War, 1939-1945</subfield>
        <subfield code='v'>Personal narratives, American.</subfield>
      </datafield>
      <datafield ind1=' ' ind2='0' tag='650'>
        <subfield code='a'>Soldiers</subfield>
        <subfield code='z'>United States</subfield>
        <subfield code='v'>Biography.</subfield>
      </datafield>
      <datafield ind1=' ' ind2=' ' tag='907'>
        <subfield code='a'>b2205818</subfield>
      </datafield>
      <datafield ind1='9' ind2='1' tag='999'>
        <subfield code='i'>i3178958</subfield>
        <subfield code='l'>ddda</subfield>
        <subfield code='s'>-</subfield>
        <subfield code='t'>0</subfield>
        <subfield code='c'>1</subfield>
        <subfield code='o'>2</subfield>
        <subfield code='b'>00006303582</subfield>
        <subfield code='p'>090</subfield>
        <subfield code='q'>|aD756 .W49 1988</subfield>
      </datafield>
  </record>