
  <record>
    <leader>00000cam a2200349Ia 4500</leader>
      <controlfield tag='008'>881128s1988    nyua     b   s000 0 eng d</controlfield>
      <controlfield tag='001'>17397752</controlfield>
      <controlfield tag='005'>19881128000000.0</controlfield>
      <datafield ind1=' ' ind2=' ' tag='020'>
        <subfield code='a'>0942041119</subfield>
      </datafield>
      <datafield ind1=' ' ind2=' ' tag='040'>
        <subfield code='a'>LFM</subfield>
        <subfield code='c'>LFM</subfield>
        <subfield code='d'>TAI</subfield>
        <subfield code='d'>CUI</subfield>
        <subfield code='d'>XBM</subfield>
        <subfield code='d'>NOC</subfield>
      </datafield>
      <datafield ind1=' ' ind2=' ' tag='043'>
        <subfield code='a'>n-mx---</subfield>
      </datafield>
      <datafield ind1='0' ind2='4' tag='245'>
        <subfield code='a'>The Work of Bernardino de Sahagun :</subfield>
        <subfield code='b'>pioneer ethnographer of sixteenth-century Aztec Mexico /</subfield>
        <subfield code='c'>edited by J. Jorge Klor de Alva, H.B. Nicholson and Eloise Quiñones Keber.</subfield>
      </datafield>
      <datafield ind1=' ' ind2=' ' tag='260'>
        <subfield code='a'>Albany, N.Y. :</subfield>
        <subfield code='b'>Institute for Mesoamerican Studies, University at Albany, State University of New York ;</subfield>
        <subfield code='a'>Austin :</subfield>
        <subfield code='b'>distributed by University of Texas Press,</subfield>
        <subfield code='c'>c1988.</subfield>
      </datafield>
      <datafield ind1=' ' ind2=' ' tag='300'>
        <subfield code='a'>xiv, 372 p. :</subfield>
        <subfield code='b'>ill. ;</subfield>
        <subfield code='c'>23 cm.</subfield>
      </datafield>
      <datafield ind1=' ' ind2=' ' tag='504'>
        <subfield code='a'>&quot;The Sahaguntine corpus&quot;: p. 341-345.</subfield>
      </datafield>
      <datafield ind1=' ' ind2=' ' tag='504'>
        <subfield code='a'>Bibliography: p. 347-372.</subfield>
      </datafield>
      <datafield ind1='0' ind2='0' tag='600'>
        <subfield code='a'>Bernardino,</subfield>
        <subfield code='c'>de Sahagún,</subfield>
        <subfield code='d'>1499-1590.</subfield>
      </datafield>
      <datafield ind1=' ' ind2='0' tag='650'>
        <subfield code='a'>Ethnologists</subfield>
        <subfield code='z'>Mexico.</subfield>
      </datafield>
      <datafield ind1=' ' ind2='0' tag='650'>
        <subfield code='a'>Aztecs.</subfield>
      </datafield>
      <datafield ind1=' ' ind2='0' tag='650'>
        <subfield code='a'>Indians of Mexico.</subfield>
      </datafield>
      <datafield ind1='1' ind2=' ' tag='700'>
        <subfield code='a'>Klor de Alva, José Jorge.</subfield>
      </datafield>
      <datafield ind1='1' ind2=' ' tag='700'>
        <subfield code='a'>Nicholson, H. B.</subfield>
        <subfield code='q'>(Henry B.)</subfield>
      </datafield>
      <datafield ind1='1' ind2=' ' tag='700'>
        <subfield code='a'>Quiñones Keber, Eloise.</subfield>
      </datafield>
      <datafield ind1=' ' ind2='0' tag='830'>
        <subfield code='a'>Studies on culture and society ;</subfield>
        <subfield code='v'>v. 2.</subfield>
      </datafield>
      <datafield ind1=' ' ind2=' ' tag='907'>
        <subfield code='a'>b2229833</subfield>
      </datafield>
      <datafield ind1='9' ind2='1' tag='999'>
        <subfield code='i'>i3210879</subfield>
        <subfield code='l'>ddda</subfield>
        <subfield code='s'>-</subfield>
        <subfield code='t'>0</subfield>
        <subfield code='c'>1</subfield>
        <subfield code='o'>8</subfield>
        <subfield code='b'>00006337305</subfield>
        <subfield code='p'>090</subfield>
        <subfield code='q'>|aF1219.73 .W675 1988</subfield>
      </datafield>
      <datafield ind1='9' ind2='1' tag='999'>
        <subfield code='i'>i8033945</subfield>
        <subfield code='l'>ddda</subfield>
        <subfield code='s'>-</subfield>
        <subfield code='t'>0</subfield>
        <subfield code='c'>2</subfield>
        <subfield code='o'>2</subfield>
        <subfield code='b'>00031898199</subfield>
        <subfield code='p'>090</subfield>
        <subfield code='q'>|aF1219.73 .W675 1988</subfield>
      </datafield>
  </record>