
  <record>
    <leader>00000cam  2200265Ia 4500</leader>
      <controlfield tag='008'>770304s1931    nyua          000 0 eng  </controlfield>
      <controlfield tag='001'>2777984</controlfield>
      <controlfield tag='005'>20000829125356.0</controlfield>
      <datafield ind1=' ' ind2=' ' tag='010'>
        <subfield code='a'>31022354</subfield>
      </datafield>
      <datafield ind1=' ' ind2=' ' tag='040'>
        <subfield code='a'>DLC</subfield>
        <subfield code='c'>SUC</subfield>
        <subfield code='d'>SUC</subfield>
        <subfield code='d'>NOC</subfield>
      </datafield>
      <datafield ind1='0' ind2=' ' tag='050'>
        <subfield code='a'>HD3255</subfield>
        <subfield code='b'>.L5</subfield>
      </datafield>
      <datafield ind1='1' ind2=' ' tag='100'>
        <subfield code='a'>Linfield, H. S.</subfield>
        <subfield code='q'>(Harry Sebee),</subfield>
        <subfield code='d'>1889-</subfield>
      </datafield>
      <datafield ind1='1' ind2='0' tag='245'>
        <subfield code='a'>Statistics of Jews, 1931 /</subfield>
        <subfield code='c'>by Harry S. Linfield.</subfield>
      </datafield>
      <datafield ind1=' ' ind2=' ' tag='260'>
        <subfield code='a'>New York :</subfield>
        <subfield code='b'>The American Jewish committee,</subfield>
        <subfield code='c'>1931.</subfield>
      </datafield>
      <datafield ind1=' ' ind2=' ' tag='300'>
        <subfield code='a'>75 p. : ill. ;</subfield>
        <subfield code='c'>21 cm.</subfield>
      </datafield>
      <datafield ind1=' ' ind2=' ' tag='500'>
        <subfield code='a'>At head of title: The American Jewish committee, Statistical department, New York.</subfield>
      </datafield>
      <datafield ind1=' ' ind2=' ' tag='500'>
        <subfield code='a'>&quot;Reprinted with corrections and additions from the American Jewish year book, volume 32.&quot;</subfield>
      </datafield>
      <datafield ind1=' ' ind2='0' tag='650'>
        <subfield code='a'>Jews</subfield>
        <subfield code='v'>Statistics.</subfield>
      </datafield>
      <datafield ind1='2' ind2=' ' tag='710'>
        <subfield code='a'>American Jewish Committee.</subfield>
        <subfield code='b'>Statistical Department.</subfield>
      </datafield>
      <datafield ind1=' ' ind2=' ' tag='907'>
        <subfield code='a'>b3580048</subfield>
      </datafield>
      <datafield ind1='9' ind2='1' tag='999'>
        <subfield code='i'>i5018772</subfield>
        <subfield code='l'>trln</subfield>
        <subfield code='s'>-</subfield>
        <subfield code='t'>0</subfield>
        <subfield code='c'>1</subfield>
        <subfield code='o'>0</subfield>
        <subfield code='b'>00029011774</subfield>
        <subfield code='p'>092</subfield>
        <subfield code='q'>|a296 L75s</subfield>
      </datafield>
  </record>