
  <record>
    <leader>00000cam a2200373Ma 4500</leader>
      <controlfield tag='006'>m     o  d</controlfield>
      <controlfield tag='008'>060112s1688    xx      o     000 0 dut d</controlfield>
      <controlfield tag='007'>cr |n||||||||n</controlfield>
      <controlfield tag='001'>65326357momw</controlfield>
      <controlfield tag='003'>OCoLC</controlfield>
      <controlfield tag='005'>20071127091224.0</controlfield>
      <datafield ind1=' ' ind2=' ' tag='040'>
        <subfield code='a'>GMOME</subfield>
        <subfield code='c'>GMOME</subfield>
      </datafield>
      <datafield ind1='1' ind2=' ' tag='041'>
        <subfield code='a'>dut</subfield>
        <subfield code='h'>eng</subfield>
      </datafield>
      <datafield ind1=' ' ind2=' ' tag='043'>
        <subfield code='a'>e-uk---</subfield>
      </datafield>
      <datafield ind1='1' ind2=' ' tag='110'>
        <subfield code='a'>England and Wales.</subfield>
        <subfield code='b'>Sovereign (1685-1688 : James II)</subfield>
      </datafield>
      <datafield ind1='1' ind2='0' tag='240'>
        <subfield code='a'>His Majesties most gracious and general pardon.</subfield>
        <subfield code='l'>Dutch</subfield>
      </datafield>
      <datafield ind1='1' ind2='0' tag='245'>
        <subfield code='a'>Amnestie of algemeen pardon van Jacobus de II, Koning van Engelant, Schotlant, Vrankrijk, en Ierland, uytgegeeven op den 12 october, 1688</subfield>
        <subfield code='h'>[electronic resource].</subfield>
      </datafield>
      <datafield ind1=' ' ind2=' ' tag='260'>
        <subfield code='a'>[S.l. :</subfield>
        <subfield code='b'>s.n.,</subfield>
        <subfield code='c'>1688]</subfield>
      </datafield>
      <datafield ind1=' ' ind2=' ' tag='300'>
        <subfield code='a'>1 online resource (4 p.)</subfield>
      </datafield>
      <datafield ind1=' ' ind2=' ' tag='500'>
        <subfield code='a'>Translation of: His Majesties most gracious and general pardon, proclaimed Oct. 2, 1688 (O.S.).</subfield>
      </datafield>
      <datafield ind1=' ' ind2=' ' tag='500'>
        <subfield code='a'>Caption title.</subfield>
      </datafield>
      <datafield ind1=' ' ind2=' ' tag='500'>
        <subfield code='a'>Date of publication from Goldsmiths&apos; Lib. cat.</subfield>
      </datafield>
      <datafield ind1=' ' ind2=' ' tag='500'>
        <subfield code='a'>Reproduction of original from Goldsmiths&apos; Library, University of London.</subfield>
      </datafield>
      <datafield ind1=' ' ind2=' ' tag='500'>
        <subfield code='a'>Goldsmiths&apos;-Kress no. 02700.</subfield>
      </datafield>
      <datafield ind1='1' ind2=' ' tag='506'>
        <subfield code='a'>Access limited to UNC Chapel Hill-authenticated users.</subfield>
        <subfield code='f'>Unlimited simultaneous users</subfield>
      </datafield>
      <datafield ind1=' ' ind2='0' tag='650'>
        <subfield code='a'>Pardon</subfield>
        <subfield code='z'>Great Britain</subfield>
        <subfield code='v'>Early works to 1800.</subfield>
      </datafield>
      <datafield ind1=' ' ind2='0' tag='651'>
        <subfield code='a'>Great Britain</subfield>
        <subfield code='x'>History</subfield>
        <subfield code='y'>Revolution of 1688.</subfield>
      </datafield>
      <datafield ind1='0' ind2=' ' tag='700'>
        <subfield code='a'>James</subfield>
        <subfield code='b'>II,</subfield>
        <subfield code='c'>King of England,</subfield>
        <subfield code='d'>1633-1701.</subfield>
      </datafield>
      <datafield ind1='0' ind2=' ' tag='773'>
        <subfield code='t'>Making of the modern world (online collection). Part 1. Ebooks</subfield>
      </datafield>
      <datafield ind1='4' ind2='0' tag='856'>
        <subfield code='u'>http://libproxy.lib.unc.edu/login?url=http://galenet.galegroup.com/servlet/MOME?af=RN&amp;ae=U100299163&amp;srchtp=a&amp;ste=14&amp;q=unc_main</subfield>
        <subfield code='y'>Full text available via the UNC-Chapel Hill Libraries</subfield>
        <subfield code='x'>Making of the Modern World</subfield>
      </datafield>
      <datafield ind1=' ' ind2=' ' tag='907'>
        <subfield code='a'>b7755135</subfield>
      </datafield>
  </record>