
  <record>
    <leader>00000nam  2200229K  4500</leader>
      <controlfield tag='008'>880310s1955    fr a     b    000 0 fre d</controlfield>
      <controlfield tag='001'>17611737</controlfield>
      <controlfield tag='005'>20010910141053.0</controlfield>
      <datafield ind1=' ' ind2=' ' tag='040'>
        <subfield code='a'>EYW</subfield>
        <subfield code='c'>EYW</subfield>
        <subfield code='d'>B2Q</subfield>
        <subfield code='d'>NOC</subfield>
      </datafield>
      <datafield ind1='1' ind2=' ' tag='100'>
        <subfield code='a'>Guiraud, Pierre.</subfield>
      </datafield>
      <datafield ind1='1' ind2='3' tag='245'>
        <subfield code='a'>La sémantique.</subfield>
      </datafield>
      <datafield ind1=' ' ind2=' ' tag='260'>
        <subfield code='a'>Paris,</subfield>
        <subfield code='b'>Presses universitaires de France,</subfield>
        <subfield code='c'>1955.</subfield>
      </datafield>
      <datafield ind1=' ' ind2=' ' tag='300'>
        <subfield code='a'>118 p.</subfield>
        <subfield code='b'>illus.</subfield>
        <subfield code='c'>18 cm.</subfield>
      </datafield>
      <datafield ind1=' ' ind2=' ' tag='504'>
        <subfield code='a'>Bibliography: p. [115]</subfield>
      </datafield>
      <datafield ind1=' ' ind2='0' tag='650'>
        <subfield code='a'>Semantics.</subfield>
      </datafield>
      <datafield ind1=' ' ind2='6' tag='650'>
        <subfield code='a'>Sémantique.</subfield>
      </datafield>
      <datafield ind1=' ' ind2='0' tag='830'>
        <subfield code='a'>Que sais-je? ;</subfield>
        <subfield code='v'>655.</subfield>
      </datafield>
      <datafield ind1=' ' ind2=' ' tag='907'>
        <subfield code='a'>b4047525</subfield>
      </datafield>
      <datafield ind1='9' ind2='1' tag='999'>
        <subfield code='i'>i5560049</subfield>
        <subfield code='l'>trln</subfield>
        <subfield code='s'>-</subfield>
        <subfield code='t'>0</subfield>
        <subfield code='c'>1</subfield>
        <subfield code='o'>0</subfield>
        <subfield code='b'>00028877555</subfield>
        <subfield code='p'>092</subfield>
        <subfield code='q'>|a412 G965s</subfield>
      </datafield>
  </record>