
  <record>
    <leader>00000cam  2200181I  4500</leader>
      <controlfield tag='008'>771015s1943    ilua          000 0 eng  </controlfield>
      <controlfield tag='001'>3344030</controlfield>
      <controlfield tag='005'>19990105132559.0</controlfield>
      <datafield ind1=' ' ind2=' ' tag='010'>
        <subfield code='a'>43016960</subfield>
      </datafield>
      <datafield ind1=' ' ind2=' ' tag='040'>
        <subfield code='a'>DLC</subfield>
        <subfield code='c'>OCP</subfield>
        <subfield code='d'>NOC</subfield>
      </datafield>
      <datafield ind1=' ' ind2=' ' tag='082'>
        <subfield code='a'>812.5</subfield>
      </datafield>
      <datafield ind1='1' ind2=' ' tag='100'>
        <subfield code='a'>Hughes, Glenn,</subfield>
        <subfield code='d'>1894-1964.</subfield>
      </datafield>
      <datafield ind1='1' ind2='0' tag='245'>
        <subfield code='a'>Ask me another,</subfield>
        <subfield code='b'>a farce-comedy in three acts,</subfield>
        <subfield code='c'>by Glenn Hughes.</subfield>
      </datafield>
      <datafield ind1=' ' ind2=' ' tag='260'>
        <subfield code='a'>Evanston, Ill.,</subfield>
        <subfield code='a'>New York [etc.]</subfield>
        <subfield code='b'>Row, Peterson &amp; company</subfield>
        <subfield code='c'>[1943]</subfield>
      </datafield>
      <datafield ind1=' ' ind2=' ' tag='300'>
        <subfield code='a'>93 p.</subfield>
        <subfield code='b'>ill.</subfield>
        <subfield code='c'>21 cm.</subfield>
      </datafield>
      <datafield ind1=' ' ind2=' ' tag='500'>
        <subfield code='a'>In: Collection of plays, chiefly American ; vol. 60.</subfield>
      </datafield>
      <datafield ind1=' ' ind2=' ' tag='500'>
        <subfield code='a'>Bound with: Bon voyage; Enchanted night; Midnight; Small-town girl.</subfield>
      </datafield>
      <datafield ind1=' ' ind2=' ' tag='907'>
        <subfield code='a'>b3190128</subfield>
      </datafield>
      <datafield ind1='9' ind2='1' tag='999'>
        <subfield code='i'>i4531233</subfield>
        <subfield code='l'>trln</subfield>
        <subfield code='s'>-</subfield>
        <subfield code='t'>0</subfield>
        <subfield code='c'>1</subfield>
        <subfield code='o'>0</subfield>
        <subfield code='b'>00015739006</subfield>
        <subfield code='p'>092</subfield>
        <subfield code='q'>|a812.8 C697 v. 60</subfield>
        <subfield code='v'>v.60</subfield>
      </datafield>
  </record>