
  <record>
    <leader>00000cam  2200253I  4500</leader>
      <controlfield tag='008'>770129c19631962cl       b    000 1 spa  </controlfield>
      <controlfield tag='001'>2709122</controlfield>
      <controlfield tag='005'>19960105144747.0</controlfield>
      <datafield ind1=' ' ind2=' ' tag='010'>
        <subfield code='a'>64042340</subfield>
      </datafield>
      <datafield ind1=' ' ind2=' ' tag='040'>
        <subfield code='a'>DLC</subfield>
        <subfield code='c'>FHM</subfield>
        <subfield code='d'>SER</subfield>
        <subfield code='d'>CNE</subfield>
      </datafield>
      <datafield ind1='0' ind2=' ' tag='050'>
        <subfield code='a'>PQ8076</subfield>
        <subfield code='b'>.U5</subfield>
      </datafield>
      <datafield ind1='1' ind2=' ' tag='100'>
        <subfield code='a'>Undurraga, Antonio de.</subfield>
      </datafield>
      <datafield ind1='1' ind2='0' tag='245'>
        <subfield code='a'>28 [i.e. Veintiocho] cuentistas chilenos del siglo XX;</subfield>
        <subfield code='b'>antología.</subfield>
      </datafield>
      <datafield ind1=' ' ind2=' ' tag='260'>
        <subfield code='a'>[Santiago de Chile]</subfield>
        <subfield code='b'>Zig-Zag</subfield>
        <subfield code='c'>[1963, c1962]</subfield>
      </datafield>
      <datafield ind1=' ' ind2=' ' tag='300'>
        <subfield code='a'>278 p.</subfield>
        <subfield code='c'>21 cm.</subfield>
      </datafield>
      <datafield ind1=' ' ind2=' ' tag='500'>
        <subfield code='a'>Short stories.</subfield>
      </datafield>
      <datafield ind1=' ' ind2=' ' tag='504'>
        <subfield code='a'>Bibliography: p. 277-278.</subfield>
      </datafield>
      <datafield ind1=' ' ind2='0' tag='650'>
        <subfield code='a'>Short stories, Chilean.</subfield>
      </datafield>
      <datafield ind1=' ' ind2='0' tag='830'>
        <subfield code='a'>Biblioteca de novelistas.</subfield>
      </datafield>
      <datafield ind1=' ' ind2=' ' tag='907'>
        <subfield code='a'>b2782849</subfield>
      </datafield>
      <datafield ind1='9' ind2='1' tag='999'>
        <subfield code='i'>i4000450</subfield>
        <subfield code='l'>trln</subfield>
        <subfield code='s'>-</subfield>
        <subfield code='t'>0</subfield>
        <subfield code='c'>1</subfield>
        <subfield code='o'>0</subfield>
        <subfield code='b'>00028324732</subfield>
        <subfield code='p'>092</subfield>
        <subfield code='q'>|a898.38 U56v</subfield>
      </datafield>
  </record>