
  <record>
    <leader>00000cam  2200373 a 4500</leader>
      <controlfield tag='006'>m    |   d |</controlfield>
      <controlfield tag='008'>820119r1729    mau     o     000 0 eng d</controlfield>
      <controlfield tag='007'>cr mn mmmmabba</controlfield>
      <controlfield tag='001'>aas03008561</controlfield>
      <controlfield tag='005'>20021212171203.0</controlfield>
      <datafield ind1=' ' ind2=' ' tag='040'>
        <subfield code='a'>MWA</subfield>
        <subfield code='c'>MWA</subfield>
        <subfield code='e'>bdrb</subfield>
      </datafield>
      <datafield ind1='1' ind2=' ' tag='100'>
        <subfield code='a'>Haslewood, Francis.</subfield>
      </datafield>
      <datafield ind1='1' ind2='2' tag='245'>
        <subfield code='a'>A sermon preach&apos;d before the Right Honourable Sir John Fryer, Bart. Lord-Mayor of the City of London, the Court of Aldermen, and the liveries of the several Companies, in the Cathedral Church of St. Paul, Jan. 30. 1720.</subfield>
        <subfield code='h'>[electronic resource] /</subfield>
        <subfield code='c'>By Francis Haslewood, M.A. Rector of Chinkford, in Essex; Prebendary of Wherwell, in Hampshire; and Chaplain to his Grace Philip Duke of Wharton.</subfield>
      </datafield>
      <datafield ind1=' ' ind2=' ' tag='250'>
        <subfield code='a'>The fourth edition.</subfield>
      </datafield>
      <datafield ind1=' ' ind2=' ' tag='260'>
        <subfield code='a'>[Boston] :</subfield>
        <subfield code='b'>London printed: re-printed for D. Henchman, at his shop in Cornhil.,</subfield>
        <subfield code='c'>MDCCXXIX. [1729]</subfield>
      </datafield>
      <datafield ind1=' ' ind2=' ' tag='300'>
        <subfield code='a'>1 online resource ([6], 13 [i.e., 10] p.)</subfield>
      </datafield>
      <datafield ind1=' ' ind2=' ' tag='500'>
        <subfield code='a'>Half-title: Mr. Haslewood&apos;s sermon at the Cathedral of St. Paul; January 30. 1720.</subfield>
      </datafield>
      <datafield ind1=' ' ind2=' ' tag='500'>
        <subfield code='a'>Dedicated to Sir John Fryer.</subfield>
      </datafield>
      <datafield ind1=' ' ind2=' ' tag='500'>
        <subfield code='a'>Error in paging: p. 10 misnumbered 13.</subfield>
      </datafield>
      <datafield ind1='1' ind2=' ' tag='506'>
        <subfield code='a'>Access limited to UNC Chapel Hill-authenticated users.</subfield>
        <subfield code='f'>Unlimited simultaneous users</subfield>
      </datafield>
      <datafield ind1='4' ind2=' ' tag='510'>
        <subfield code='a'>Evans</subfield>
        <subfield code='c'>3172</subfield>
      </datafield>
      <datafield ind1=' ' ind2=' ' tag='588'>
        <subfield code='a'>Description based on microform record.</subfield>
      </datafield>
      <datafield ind1=' ' ind2='0' tag='650'>
        <subfield code='a'>Gunpowder Plot, 1605.</subfield>
      </datafield>
      <datafield ind1=' ' ind2='7' tag='655'>
        <subfield code='a'>Sermons</subfield>
        <subfield code='y'>1729.</subfield>
        <subfield code='2'>rbgenr</subfield>
      </datafield>
      <datafield ind1='1' ind2=' ' tag='700'>
        <subfield code='a'>Fryer, John,</subfield>
        <subfield code='c'>Sir,</subfield>
        <subfield code='e'>dedicatee.</subfield>
      </datafield>
      <datafield ind1=' ' ind2=' ' tag='752'>
        <subfield code='a'>United States</subfield>
        <subfield code='b'>Massachusetts</subfield>
        <subfield code='d'>Boston.</subfield>
      </datafield>
      <datafield ind1='0' ind2=' ' tag='773'>
        <subfield code='t'>Early American imprints, series 1: Evans (online collection)</subfield>
      </datafield>
      <datafield ind1='4' ind2='0' tag='856'>
        <subfield code='y'>Full text available via the UNC-Chapel Hill Libraries</subfield>
        <subfield code='u'>http://libproxy.lib.unc.edu/login?url=http://opac.newsbank.com/select/evans/3172</subfield>
      </datafield>
      <datafield ind1=' ' ind2=' ' tag='907'>
        <subfield code='a'>b6667094</subfield>
      </datafield>
  </record>