
  <record>
    <leader>00000cam  2200265I  4500</leader>
      <controlfield tag='008'>781128s1666    enk           000 0 eng d</controlfield>
      <controlfield tag='001'>4403026</controlfield>
      <controlfield tag='003'>OCoLC</controlfield>
      <controlfield tag='005'>20030624120741.0</controlfield>
      <datafield ind1=' ' ind2=' ' tag='035'>
        <subfield code='a'>(OCoLC)4403026</subfield>
      </datafield>
      <datafield ind1=' ' ind2=' ' tag='040'>
        <subfield code='a'>BPS</subfield>
        <subfield code='c'>BPS</subfield>
        <subfield code='d'>OCL</subfield>
        <subfield code='d'>CRL</subfield>
        <subfield code='d'>OCL</subfield>
        <subfield code='d'>NOC</subfield>
      </datafield>
      <datafield ind1=' ' ind2=' ' tag='049'>
        <subfield code='a'>NOCR</subfield>
        <subfield code='c'>1</subfield>
      </datafield>
      <datafield ind1='1' ind2=' ' tag='100'>
        <subfield code='a'>Stillingfleet, Edward,</subfield>
        <subfield code='d'>1635-1699.</subfield>
      </datafield>
      <datafield ind1='1' ind2='0' tag='245'>
        <subfield code='a'>Origines sacræ.</subfield>
        <subfield code='b'>Or A rational account of the grounds of Christian faith, as to the truth and divine authority of the Scriptures, and the matters therein contained.</subfield>
        <subfield code='c'>By Edward Stillingfleet ...</subfield>
      </datafield>
      <datafield ind1=' ' ind2=' ' tag='250'>
        <subfield code='a'>3d ed. cor. and amended ...</subfield>
      </datafield>
      <datafield ind1=' ' ind2=' ' tag='260'>
        <subfield code='a'>London,</subfield>
        <subfield code='b'>Printed by R. W. for Henry Mortlock,</subfield>
        <subfield code='c'>1666.</subfield>
      </datafield>
      <datafield ind1=' ' ind2=' ' tag='300'>
        <subfield code='a'>18 p. ℓ., 619 p.</subfield>
        <subfield code='c'>19.5 cm.</subfield>
      </datafield>
      <datafield ind1=' ' ind2=' ' tag='500'>
        <subfield code='a'>Title page in black and red.</subfield>
      </datafield>
      <datafield ind1=' ' ind2=' ' tag='500'>
        <subfield code='a'>Signatures: [2] unsigned, (a)-(d4), B-Z4, Aa-Zz4, Aaa-Zzz4, Aaaa-Iiii4.</subfield>
      </datafield>
      <datafield ind1='0' ind2='0' tag='630'>
        <subfield code='a'>Bible</subfield>
        <subfield code='x'>Evidences, authority, etc.</subfield>
      </datafield>
      <datafield ind1=' ' ind2='0' tag='650'>
        <subfield code='a'>Authority</subfield>
        <subfield code='x'>Religious aspects.</subfield>
      </datafield>
      <datafield ind1=' ' ind2=' ' tag='907'>
        <subfield code='a'>b4307743</subfield>
      </datafield>
      <datafield ind1='9' ind2='1' tag='999'>
        <subfield code='i'>i5885308</subfield>
        <subfield code='l'>wcda</subfield>
        <subfield code='s'>o</subfield>
        <subfield code='t'>0</subfield>
        <subfield code='c'>1</subfield>
        <subfield code='o'>0</subfield>
        <subfield code='b'>00037815819</subfield>
        <subfield code='p'>090</subfield>
        <subfield code='q'>|aBT89.S8 O7</subfield>
      </datafield>
      <datafield ind1='9' ind2='2' tag='999'>
        <subfield code='a'>c1927927</subfield>
        <subfield code='b'>wcda</subfield>
        <subfield code='c'>0</subfield>
      </datafield>
      <datafield ind1='9' ind2='3' tag='999'>
        <subfield code='0'>c1927927</subfield>
        <subfield code='2'>852</subfield>
        <subfield code='3'>c</subfield>
        <subfield code='b'>572211</subfield>
        <subfield code='h'>BT89.S8</subfield>
        <subfield code='i'>O7</subfield>
      </datafield>
      <datafield ind1='9' ind2='3' tag='999'>
        <subfield code='0'>c1927927</subfield>
        <subfield code='2'>852</subfield>
        <subfield code='3'>c</subfield>
        <subfield code='p'>HBHS-3318-00001</subfield>
        <subfield code='t'>1</subfield>
        <subfield code='x'>rcp3689</subfield>
      </datafield>
  </record>