
  <record>
    <leader>00000cam a2200289 a 4500</leader>
      <controlfield tag='008'>950612s1995    gw       b    000 0 ger  </controlfield>
      <controlfield tag='001'>34782487</controlfield>
      <controlfield tag='005'>19970326100943.0</controlfield>
      <datafield ind1=' ' ind2=' ' tag='010'>
        <subfield code='a'>95163347</subfield>
      </datafield>
      <datafield ind1=' ' ind2=' ' tag='020'>
        <subfield code='a'>3895281212</subfield>
      </datafield>
      <datafield ind1=' ' ind2=' ' tag='040'>
        <subfield code='a'>DLC</subfield>
        <subfield code='c'>DLC</subfield>
        <subfield code='d'>NOC</subfield>
      </datafield>
      <datafield ind1='0' ind2='0' tag='050'>
        <subfield code='a'>B3317</subfield>
        <subfield code='b'>.Z89 1995</subfield>
      </datafield>
      <datafield ind1='0' ind2='0' tag='082'>
        <subfield code='a'>193</subfield>
        <subfield code='2'>20</subfield>
      </datafield>
      <datafield ind1='1' ind2=' ' tag='100'>
        <subfield code='a'>Zwick, Jochen,</subfield>
        <subfield code='d'>1963-</subfield>
      </datafield>
      <datafield ind1='1' ind2='0' tag='245'>
        <subfield code='a'>Nietzsches Leben als Werk :</subfield>
        <subfield code='b'>ein systematischer Versuch über die Symbolik der Biographie bei Nietzsche /</subfield>
        <subfield code='c'>Jochen Zwick.</subfield>
      </datafield>
      <datafield ind1=' ' ind2=' ' tag='260'>
        <subfield code='a'>Bielefeld :</subfield>
        <subfield code='b'>Aisthesis,</subfield>
        <subfield code='c'>1995.</subfield>
      </datafield>
      <datafield ind1=' ' ind2=' ' tag='300'>
        <subfield code='a'>222 p. ;</subfield>
        <subfield code='c'>21 cm.</subfield>
      </datafield>
      <datafield ind1=' ' ind2=' ' tag='500'>
        <subfield code='a'>Originally presented as the author&apos;s thesis (doctoral)--Universität Stuttgart, 1994.</subfield>
      </datafield>
      <datafield ind1=' ' ind2=' ' tag='504'>
        <subfield code='a'>Includes bibliographical references (p. [216]-222).</subfield>
      </datafield>
      <datafield ind1='1' ind2='0' tag='600'>
        <subfield code='a'>Nietzsche, Friedrich Wilhelm,</subfield>
        <subfield code='d'>1844-1900.</subfield>
      </datafield>
      <datafield ind1=' ' ind2='7' tag='655'>
        <subfield code='a'>Biography.</subfield>
        <subfield code='2'>lcgft</subfield>
      </datafield>
      <datafield ind1=' ' ind2=' ' tag='907'>
        <subfield code='a'>b2996348</subfield>
      </datafield>
      <datafield ind1='9' ind2='1' tag='999'>
        <subfield code='i'>i4262722</subfield>
        <subfield code='l'>ddda</subfield>
        <subfield code='s'>-</subfield>
        <subfield code='t'>0</subfield>
        <subfield code='c'>1</subfield>
        <subfield code='o'>0</subfield>
        <subfield code='b'>00013597690</subfield>
        <subfield code='p'>090</subfield>
        <subfield code='q'>|aB3317 .Z89 1995</subfield>
      </datafield>
  </record>