
  <record>
    <leader>00000cam  2200325 i 4500</leader>
      <controlfield tag='008'>780307s1978    dcu      b    000 0 engm </controlfield>
      <controlfield tag='001'>3748294</controlfield>
      <controlfield tag='005'>19880912145534.1</controlfield>
      <datafield ind1=' ' ind2=' ' tag='010'>
        <subfield code='a'>78004586</subfield>
      </datafield>
      <datafield ind1=' ' ind2=' ' tag='020'>
        <subfield code='a'>0896330060 :</subfield>
        <subfield code='c'>$3.00</subfield>
      </datafield>
      <datafield ind1=' ' ind2=' ' tag='040'>
        <subfield code='a'>DLC</subfield>
        <subfield code='c'>DLC</subfield>
        <subfield code='d'>m.c.</subfield>
        <subfield code='d'>NOC</subfield>
      </datafield>
      <datafield ind1=' ' ind2=' ' tag='043'>
        <subfield code='a'>n-us---</subfield>
      </datafield>
      <datafield ind1=' ' ind2=' ' tag='082'>
        <subfield code='a'>320.4/73/092</subfield>
      </datafield>
      <datafield ind1='1' ind2=' ' tag='100'>
        <subfield code='a'>Novak, Michael.</subfield>
      </datafield>
      <datafield ind1='1' ind2='0' tag='245'>
        <subfield code='a'>Values in an American Government textbook :</subfield>
        <subfield code='b'>three appraisals /</subfield>
        <subfield code='c'>Michael Novak, Jeane Kirkpatrick, Anne Crutcher ; edited by Ernest W. Lefever.</subfield>
      </datafield>
      <datafield ind1=' ' ind2=' ' tag='260'>
        <subfield code='a'>[Washington] :</subfield>
        <subfield code='b'>Ethics and Public Policy Center, Georgetown University,</subfield>
        <subfield code='c'>c1978.</subfield>
      </datafield>
      <datafield ind1=' ' ind2=' ' tag='300'>
        <subfield code='a'>52 p. ;</subfield>
        <subfield code='c'>23 cm.</subfield>
      </datafield>
      <datafield ind1=' ' ind2=' ' tag='504'>
        <subfield code='a'>Includes bibliographical references.</subfield>
      </datafield>
      <datafield ind1='1' ind2='0' tag='600'>
        <subfield code='a'>Resnick, Miriam Roher.</subfield>
        <subfield code='t'>American Government in action.</subfield>
      </datafield>
      <datafield ind1=' ' ind2='0' tag='650'>
        <subfield code='a'>Political science</subfield>
        <subfield code='v'>Textbooks.</subfield>
      </datafield>
      <datafield ind1=' ' ind2='0' tag='650'>
        <subfield code='a'>Political science</subfield>
        <subfield code='x'>Study and teaching (Secondary)</subfield>
        <subfield code='z'>United States.</subfield>
      </datafield>
      <datafield ind1='1' ind2=' ' tag='700'>
        <subfield code='a'>Kirkpatrick, Jeane J.</subfield>
      </datafield>
      <datafield ind1='1' ind2=' ' tag='700'>
        <subfield code='a'>Crutcher, Anne,</subfield>
        <subfield code='d'>1919-</subfield>
      </datafield>
      <datafield ind1='1' ind2=' ' tag='700'>
        <subfield code='a'>Lefever, Ernest W.</subfield>
      </datafield>
      <datafield ind1='2' ind2=' ' tag='710'>
        <subfield code='a'>Georgetown University.</subfield>
        <subfield code='b'>Ethics and Public Policy Center.</subfield>
      </datafield>
      <datafield ind1=' ' ind2='0' tag='830'>
        <subfield code='a'>Ethics and public policy monographs.</subfield>
      </datafield>
      <datafield ind1=' ' ind2=' ' tag='907'>
        <subfield code='a'>b1521517</subfield>
      </datafield>
      <datafield ind1='9' ind2='1' tag='999'>
        <subfield code='i'>i2143753</subfield>
        <subfield code='l'>trln</subfield>
        <subfield code='s'>-</subfield>
        <subfield code='t'>0</subfield>
        <subfield code='c'>1</subfield>
        <subfield code='o'>2</subfield>
        <subfield code='b'>00001307464</subfield>
        <subfield code='p'>090</subfield>
        <subfield code='q'>|aJA88.U6 N83</subfield>
      </datafield>
  </record>