
  <record>
    <leader>00000nam a2200445 i 4500</leader>
      <controlfield tag='006'>m     o  d |</controlfield>
      <controlfield tag='007'>cr cn||||||||a</controlfield>
      <controlfield tag='008'>160907t20122012nyu     ob    001 0 eng d</controlfield>
      <controlfield tag='001'>ebr11248628</controlfield>
      <controlfield tag='003'>MiAaPQ</controlfield>
      <datafield ind1=' ' ind2=' ' tag='020'>
        <subfield code='a'>9781935928867</subfield>
        <subfield code='q'>e-book</subfield>
      </datafield>
      <datafield ind1=' ' ind2=' ' tag='020'>
        <subfield code='z'>9781935928850</subfield>
      </datafield>
      <datafield ind1=' ' ind2=' ' tag='040'>
        <subfield code='a'>MiAaPQ</subfield>
        <subfield code='b'>eng</subfield>
        <subfield code='e'>rda</subfield>
        <subfield code='e'>pn</subfield>
        <subfield code='c'>MiAaPQ</subfield>
        <subfield code='d'>MiAaPQ</subfield>
      </datafield>
      <datafield ind1=' ' ind2='4' tag='050'>
        <subfield code='a'>TK9145</subfield>
        <subfield code='b'>.M364 2012eb</subfield>
      </datafield>
      <datafield ind1='0' ind2='4' tag='082'>
        <subfield code='a'>333.792/4</subfield>
        <subfield code='2'>22</subfield>
      </datafield>
      <datafield ind1='1' ind2=' ' tag='100'>
        <subfield code='a'>Mangano, Joseph J.,</subfield>
        <subfield code='e'>author.</subfield>
      </datafield>
      <datafield ind1='1' ind2='0' tag='245'>
        <subfield code='a'>Mad science :</subfield>
        <subfield code='b'>the nuclear power experiment /</subfield>
        <subfield code='c'>Joseph Mangano ; with a prologue by Alec Baldwin.</subfield>
      </datafield>
      <datafield ind1=' ' ind2='1' tag='264'>
        <subfield code='a'>New York ;</subfield>
        <subfield code='a'>London, [England] :</subfield>
        <subfield code='b'>OR Books,</subfield>
        <subfield code='c'>2012.</subfield>
      </datafield>
      <datafield ind1=' ' ind2='4' tag='264'>
        <subfield code='c'>©2012</subfield>
      </datafield>
      <datafield ind1=' ' ind2=' ' tag='300'>
        <subfield code='a'>1 online resource (337 pages)</subfield>
      </datafield>
      <datafield ind1=' ' ind2=' ' tag='336'>
        <subfield code='a'>text</subfield>
        <subfield code='b'>txt</subfield>
        <subfield code='2'>rdacontent</subfield>
      </datafield>
      <datafield ind1=' ' ind2=' ' tag='337'>
        <subfield code='a'>computer</subfield>
        <subfield code='b'>c</subfield>
        <subfield code='2'>rdamedia</subfield>
      </datafield>
      <datafield ind1=' ' ind2=' ' tag='338'>
        <subfield code='a'>online resource</subfield>
        <subfield code='b'>cr</subfield>
        <subfield code='2'>rdacarrier</subfield>
      </datafield>
      <datafield ind1=' ' ind2=' ' tag='504'>
        <subfield code='a'>Includes bibliographical references and index.</subfield>
      </datafield>
      <datafield ind1='1' ind2=' ' tag='506'>
        <subfield code='a'>Access limited to UNC Chapel Hill-authenticated users.</subfield>
        <subfield code='f'>Unlimited simultaneous users</subfield>
      </datafield>
      <datafield ind1='0' ind2=' ' tag='588'>
        <subfield code='a'>Print version record.</subfield>
      </datafield>
      <datafield ind1=' ' ind2='0' tag='650'>
        <subfield code='a'>Nuclear accidents.</subfield>
      </datafield>
      <datafield ind1=' ' ind2='0' tag='650'>
        <subfield code='a'>Nuclear energy</subfield>
        <subfield code='x'>Environmental aspects.</subfield>
      </datafield>
      <datafield ind1=' ' ind2='0' tag='650'>
        <subfield code='a'>Nuclear industry.</subfield>
      </datafield>
      <datafield ind1=' ' ind2='0' tag='650'>
        <subfield code='a'>Nuclear power plants.</subfield>
      </datafield>
      <datafield ind1='1' ind2=' ' tag='700'>
        <subfield code='a'>Baldwin, Alec,</subfield>
        <subfield code='d'>1958-</subfield>
        <subfield code='e'>writer of foreword.</subfield>
      </datafield>
      <datafield ind1='0' ind2=' ' tag='773'>
        <subfield code='t'>Ebrary public library complete (online collection)</subfield>
      </datafield>
      <datafield ind1='0' ind2='8' tag='776'>
        <subfield code='i'>Print version:</subfield>
        <subfield code='a'>Mangano, Joseph J.</subfield>
        <subfield code='t'>Mad science : the nuclear power experiment.</subfield>
        <subfield code='d'>New York ; London, [England] : OR Books, c2012</subfield>
        <subfield code='h'>329 pages</subfield>
        <subfield code='z'>9781935928850</subfield>
        <subfield code='w'>2012285901</subfield>
      </datafield>
      <datafield ind1='4' ind2='0' tag='856'>
        <subfield code='u'>http://libproxy.lib.unc.edu/login?url=http://site.ebrary.com/lib/uncch/Doc?id=11248628</subfield>
        <subfield code='y'>Full text available via the UNC-Chapel Hill Libraries</subfield>
      </datafield>
      <datafield ind1=' ' ind2=' ' tag='907'>
        <subfield code='a'>b8892260</subfield>
      </datafield>
  </record>