
  <record>
    <leader>00000cam a2200457Ia 4500</leader>
      <controlfield tag='008'>831107s1943    dcuab        f001 0 eng  </controlfield>
      <controlfield tag='001'>10104168</controlfield>
      <controlfield tag='003'>OCoLC</controlfield>
      <controlfield tag='005'>20170224093410.0</controlfield>
      <datafield ind1=' ' ind2=' ' tag='010'>
        <subfield code='a'>agr43000031</subfield>
      </datafield>
      <datafield ind1=' ' ind2=' ' tag='019'>
        <subfield code='a'>800738323</subfield>
      </datafield>
      <datafield ind1=' ' ind2=' ' tag='035'>
        <subfield code='a'>(OCoLC)10104168</subfield>
        <subfield code='z'>(OCoLC)800738323</subfield>
      </datafield>
      <datafield ind1=' ' ind2=' ' tag='040'>
        <subfield code='a'>DLC</subfield>
        <subfield code='b'>eng</subfield>
        <subfield code='c'>IEJ</subfield>
        <subfield code='d'>AGL</subfield>
        <subfield code='d'>OCL</subfield>
        <subfield code='d'>IUL</subfield>
        <subfield code='d'>OCLCQ</subfield>
        <subfield code='d'>OCLCO</subfield>
        <subfield code='d'>LHL</subfield>
        <subfield code='d'>OCLCF</subfield>
        <subfield code='d'>OCLCO</subfield>
        <subfield code='d'>NOC</subfield>
      </datafield>
      <datafield ind1=' ' ind2=' ' tag='043'>
        <subfield code='a'>n-us---</subfield>
      </datafield>
      <datafield ind1=' ' ind2=' ' tag='049'>
        <subfield code='a'>NOCC</subfield>
      </datafield>
      <datafield ind1='0' ind2=' ' tag='070'>
        <subfield code='a'>1</subfield>
        <subfield code='b'>Ag84M no.512</subfield>
      </datafield>
      <datafield ind1=' ' ind2='0' tag='072'>
        <subfield code='a'>E130</subfield>
      </datafield>
      <datafield ind1='0' ind2=' ' tag='086'>
        <subfield code='a'>A 1.38:512</subfield>
      </datafield>
      <datafield ind1='0' ind2='2' tag='245'>
        <subfield code='a'>A Graphic summary of farm crops :</subfield>
        <subfield code='b'>(based largely on the census of 1940) /</subfield>
        <subfield code='c'>prepared by the Bureau of Agricultural Economics.</subfield>
      </datafield>
      <datafield ind1=' ' ind2=' ' tag='260'>
        <subfield code='a'>Washington, D.C. :</subfield>
        <subfield code='b'>U.S. Dept. of Agriculture,</subfield>
        <subfield code='c'>1943.</subfield>
      </datafield>
      <datafield ind1=' ' ind2=' ' tag='300'>
        <subfield code='a'>104 pages :</subfield>
        <subfield code='b'>illustrations, maps ;</subfield>
        <subfield code='c'>23 cm.</subfield>
      </datafield>
      <datafield ind1=' ' ind2=' ' tag='336'>
        <subfield code='a'>text</subfield>
        <subfield code='b'>txt</subfield>
        <subfield code='2'>rdacontent</subfield>
      </datafield>
      <datafield ind1=' ' ind2=' ' tag='337'>
        <subfield code='a'>unmediated</subfield>
        <subfield code='b'>n</subfield>
        <subfield code='2'>rdamedia</subfield>
      </datafield>
      <datafield ind1=' ' ind2=' ' tag='338'>
        <subfield code='a'>volume</subfield>
        <subfield code='b'>nc</subfield>
        <subfield code='2'>rdacarrier</subfield>
      </datafield>
      <datafield ind1=' ' ind2=' ' tag='500'>
        <subfield code='a'>Supersedes Miscellaneous publication no. 267. A graphic summary of farm crops (based largely on the census of 1930 and 1935) by O.E. Baker and A.B. Genung.</subfield>
      </datafield>
      <datafield ind1=' ' ind2=' ' tag='500'>
        <subfield code='a'>Cover title.</subfield>
      </datafield>
      <datafield ind1=' ' ind2=' ' tag='500'>
        <subfield code='a'>Includes index.</subfield>
      </datafield>
      <datafield ind1='3' ind2=' ' tag='520'>
        <subfield code='a'>Graphic summaries of the chief census figures regarding agriculture, designed to bring out certain needed points in the most salient way, are an answer to practical demands in war as well as in peace. Maps, singly or consecutively, not only present facts but also show how acreage and production are affected by economic and climatic factors, by man-made adjustments, by soil-damage, and now by dislocations of war, which were influencing our whole economic structure by the end of 1939.</subfield>
      </datafield>
      <datafield ind1=' ' ind2='0' tag='650'>
        <subfield code='a'>Farm produce</subfield>
        <subfield code='z'>United States.</subfield>
      </datafield>
      <datafield ind1=' ' ind2='7' tag='650'>
        <subfield code='a'>Farm produce.</subfield>
        <subfield code='2'>fast</subfield>
        <subfield code='0'>(OCoLC)fst00921161</subfield>
      </datafield>
      <datafield ind1=' ' ind2='7' tag='651'>
        <subfield code='a'>United States.</subfield>
        <subfield code='2'>fast</subfield>
        <subfield code='0'>(OCoLC)fst01204155</subfield>
      </datafield>
      <datafield ind1='1' ind2=' ' tag='710'>
        <subfield code='a'>United States.</subfield>
        <subfield code='b'>Bureau of Agricultural Economics.</subfield>
      </datafield>
      <datafield ind1='0' ind2='8' tag='776'>
        <subfield code='i'>Online version:</subfield>
        <subfield code='t'>Graphic summary of farm crops.</subfield>
        <subfield code='d'>Washington, D.C. : U.S. Dept. of Agriculture, 1943</subfield>
        <subfield code='w'>(OCoLC)953978128</subfield>
      </datafield>
      <datafield ind1=' ' ind2='0' tag='830'>
        <subfield code='a'>Miscellaneous publication (United States. Department of Agriculture) ;</subfield>
        <subfield code='v'>no. 512.</subfield>
      </datafield>
      <datafield ind1=' ' ind2=' ' tag='907'>
        <subfield code='a'>b8772241</subfield>
      </datafield>
      <datafield ind1='9' ind2='1' tag='999'>
        <subfield code='i'>i11303952</subfield>
        <subfield code='l'>dcpf</subfield>
        <subfield code='s'>-</subfield>
        <subfield code='t'>20</subfield>
        <subfield code='c'>1</subfield>
        <subfield code='o'>0</subfield>
        <subfield code='b'>00049936863</subfield>
        <subfield code='p'>086</subfield>
        <subfield code='q'>|aA 1.38:509-515</subfield>
        <subfield code='v'>no.509-515</subfield>
      </datafield>
  </record>