
  <record>
    <leader>00000cam a2200409I  4500</leader>
      <controlfield tag='008'>910731s1865    xx            000 0 ger  </controlfield>
      <controlfield tag='001'>4455742</controlfield>
      <controlfield tag='005'>19910731000000.0</controlfield>
      <datafield ind1=' ' ind2=' ' tag='010'>
        <subfield code='a'>02009393 //r</subfield>
      </datafield>
      <datafield ind1=' ' ind2=' ' tag='040'>
        <subfield code='a'>DLC</subfield>
        <subfield code='c'>CLE</subfield>
        <subfield code='d'>OCL</subfield>
      </datafield>
      <datafield ind1=' ' ind2=' ' tag='050'>
        <subfield code='a'>PT1101</subfield>
        <subfield code='b'>.L5 vol. 76-80</subfield>
      </datafield>
      <datafield ind1='1' ind2=' ' tag='100'>
        <subfield code='a'>Ayrer, Jakob,</subfield>
        <subfield code='d'>1544-1605.</subfield>
      </datafield>
      <datafield ind1='1' ind2='0' tag='245'>
        <subfield code='a'>Ayrers dramen,</subfield>
        <subfield code='c'>hrsg. von Adelbert von Keller.</subfield>
      </datafield>
      <datafield ind1=' ' ind2=' ' tag='260'>
        <subfield code='a'>Stuttgart,</subfield>
        <subfield code='b'>Litterarischer verein,</subfield>
        <subfield code='c'>1865.</subfield>
      </datafield>
      <datafield ind1=' ' ind2=' ' tag='300'>
        <subfield code='a'>5 v.</subfield>
        <subfield code='c'>22 cm.</subfield>
      </datafield>
      <datafield ind1=' ' ind2=' ' tag='500'>
        <subfield code='a'>Paged continuously.</subfield>
      </datafield>
      <datafield ind1=' ' ind2=' ' tag='500'>
        <subfield code='a'>With reprint of original t.-p.: Opus thaeatricum. Dreissig aussbündtige schöne comedien vnd tragedien vonn allerhand denckwürdigen alten römischen historien vnd andern politischen geschichten und gedichten sampt noch andern sechs und dreissig ... fassnacht- oder possenspilen durch weyland den ... herrn Jacobum Ayrer ... auss mancherley alten poeten vnd scribenten ... zusammencolligirt und in teutsche reimen spilweiss verfasset ... Gedruckt zu Nürnberg durch Balthasar Scherffen anno MDCXVIII.</subfield>
      </datafield>
      <datafield ind1=' ' ind2=' ' tag='500'>
        <subfield code='a'>&quot;Anhang ungedruckter stücke&quot;: v. 5, p. 3159-3418.</subfield>
      </datafield>
      <datafield ind1=' ' ind2=' ' tag='500'>
        <subfield code='a'>Übersicht über das 17. verwaltungsjahr des Litterarischen vereins: v. 5, [2] p. following p. 3484.</subfield>
      </datafield>
      <datafield ind1='1' ind2=' ' tag='700'>
        <subfield code='a'>Keller, Adelbert von,</subfield>
        <subfield code='d'>1812-1883.</subfield>
      </datafield>
      <datafield ind1=' ' ind2='0' tag='830'>
        <subfield code='a'>Bibliothek des Literarischen Vereins in Stuttgart ;</subfield>
        <subfield code='v'>Bd. 76.</subfield>
        <subfield code='x'>0340-7888</subfield>
      </datafield>
      <datafield ind1=' ' ind2='0' tag='830'>
        <subfield code='a'>Bibliothek des Literarischen Vereins in Stuttgart ;</subfield>
        <subfield code='v'>Bd. 77.</subfield>
        <subfield code='x'>0340-7888</subfield>
      </datafield>
      <datafield ind1=' ' ind2='0' tag='830'>
        <subfield code='a'>Bibliothek des Literarischen Vereins in Stuttgart ;</subfield>
        <subfield code='v'>Bd. 78.</subfield>
        <subfield code='x'>0340-7888</subfield>
      </datafield>
      <datafield ind1=' ' ind2='0' tag='830'>
        <subfield code='a'>Bibliothek des Literarischen Vereins in Stuttgart ;</subfield>
        <subfield code='v'>Bd. 79.</subfield>
        <subfield code='x'>0340-7888</subfield>
      </datafield>
      <datafield ind1=' ' ind2='0' tag='830'>
        <subfield code='a'>Bibliothek des Literarischen Vereins in Stuttgart ;</subfield>
        <subfield code='v'>Bd. 80.</subfield>
        <subfield code='x'>0340-7888</subfield>
      </datafield>
      <datafield ind1=' ' ind2=' ' tag='907'>
        <subfield code='a'>b1573686</subfield>
      </datafield>
      <datafield ind1='9' ind2='1' tag='999'>
        <subfield code='i'>i2228404</subfield>
        <subfield code='l'>trln</subfield>
        <subfield code='s'>-</subfield>
        <subfield code='t'>0</subfield>
        <subfield code='c'>1</subfield>
        <subfield code='o'>0</subfield>
        <subfield code='b'>00032413987</subfield>
        <subfield code='p'>090</subfield>
        <subfield code='q'>|aPT1101|b.L5 Bd. 76-80</subfield>
        <subfield code='v'>Bd.80=v.5</subfield>
      </datafield>
      <datafield ind1='9' ind2='1' tag='999'>
        <subfield code='i'>i9203241</subfield>
        <subfield code='l'>trln</subfield>
        <subfield code='s'>-</subfield>
        <subfield code='t'>0</subfield>
        <subfield code='c'>1</subfield>
        <subfield code='o'>0</subfield>
        <subfield code='b'>00032413923</subfield>
        <subfield code='p'>090</subfield>
        <subfield code='q'>|aPT1101|b.L5 Bd. 76-80</subfield>
        <subfield code='v'>Bd.79=v.4</subfield>
      </datafield>
      <datafield ind1='9' ind2='1' tag='999'>
        <subfield code='i'>i9203637</subfield>
        <subfield code='l'>trln</subfield>
        <subfield code='s'>-</subfield>
        <subfield code='t'>0</subfield>
        <subfield code='c'>1</subfield>
        <subfield code='o'>0</subfield>
        <subfield code='b'>00032413932</subfield>
        <subfield code='p'>090</subfield>
        <subfield code='q'>|aPT1101|b.L5 Bd. 76-80</subfield>
        <subfield code='v'>Bd.78=v.3</subfield>
      </datafield>
      <datafield ind1='9' ind2='1' tag='999'>
        <subfield code='i'>i9203638</subfield>
        <subfield code='l'>trln</subfield>
        <subfield code='s'>-</subfield>
        <subfield code='t'>0</subfield>
        <subfield code='c'>1</subfield>
        <subfield code='o'>0</subfield>
        <subfield code='b'>00032413941</subfield>
        <subfield code='p'>090</subfield>
        <subfield code='q'>|aPT1101|b.L5 Bd. 76-80</subfield>
        <subfield code='v'>Bd.77=v.2</subfield>
      </datafield>
      <datafield ind1='9' ind2='1' tag='999'>
        <subfield code='i'>i9203639</subfield>
        <subfield code='l'>trln</subfield>
        <subfield code='s'>-</subfield>
        <subfield code='t'>0</subfield>
        <subfield code='c'>1</subfield>
        <subfield code='o'>0</subfield>
        <subfield code='b'>00032413512</subfield>
        <subfield code='p'>090</subfield>
        <subfield code='q'>|aPT1101|b.L5 Bd. 76-80</subfield>
        <subfield code='v'>Bd.76=v.1</subfield>
      </datafield>
      <datafield ind1='9' ind2='2' tag='999'>
        <subfield code='a'>c1559461</subfield>
        <subfield code='b'>trln</subfield>
        <subfield code='c'>0</subfield>
      </datafield>
      <datafield ind1='9' ind2='3' tag='999'>
        <subfield code='0'>c1559461</subfield>
        <subfield code='2'>852</subfield>
        <subfield code='3'>c</subfield>
        <subfield code='b'>555521</subfield>
        <subfield code='h'>PT1101</subfield>
        <subfield code='i'>.L5 Bd. 76-80</subfield>
        <subfield code='x'>Previously converted record</subfield>
      </datafield>
      <datafield ind1='9' ind2='3' tag='999'>
        <subfield code='0'>c1559461</subfield>
        <subfield code='2'>853</subfield>
        <subfield code='3'>y</subfield>
        <subfield code='8'>1</subfield>
        <subfield code='a'>Bd.</subfield>
        <subfield code='g'>Bd.</subfield>
        <subfield code='t'>c.</subfield>
      </datafield>
  </record>