
  <record>
    <leader>00000cam  2200409Ia 4500</leader>
      <controlfield tag='008'>780605s1973    cc af         000 0 chi  </controlfield>
      <controlfield tag='001'>3949752</controlfield>
      <controlfield tag='005'>19910103104206.0</controlfield>
      <datafield ind1=' ' ind2=' ' tag='010'>
        <subfield code='a'>74898347</subfield>
      </datafield>
      <datafield ind1=' ' ind2=' ' tag='040'>
        <subfield code='a'>DLC</subfield>
        <subfield code='c'>IUL</subfield>
        <subfield code='d'>IUL</subfield>
        <subfield code='d'>m/c</subfield>
        <subfield code='d'>OCL</subfield>
        <subfield code='d'>NOC</subfield>
        <subfield code='d'>OCoLC</subfield>
      </datafield>
      <datafield ind1='0' ind2=' ' tag='041'>
        <subfield code='a'>chi</subfield>
        <subfield code='b'>eng</subfield>
      </datafield>
      <datafield ind1=' ' ind2=' ' tag='043'>
        <subfield code='a'>a-cc---</subfield>
      </datafield>
      <datafield ind1='0' ind2=' ' tag='050'>
        <subfield code='a'>DS796.C4</subfield>
        <subfield code='b'>H85 1973</subfield>
      </datafield>
      <datafield ind1=' ' ind2=' ' tag='066'>
        <subfield code='c'>$1</subfield>
      </datafield>
      <datafield ind1='2' ind2=' ' tag='110'>
        <subfield code='6'>880-01</subfield>
        <subfield code='a'>Hunan Sheng bo wu guan.</subfield>
      </datafield>
      <datafield ind1='1' ind2='0' tag='245'>
        <subfield code='6'>880-02</subfield>
        <subfield code='a'>Changsha Mawangdui yi hao Han mu /</subfield>
        <subfield code='c'>Hunan sheng bo wu guan, Zhongguo ke xue yuan kao gu yan jiu suo bian.</subfield>
      </datafield>
      <datafield ind1=' ' ind2=' ' tag='260'>
        <subfield code='6'>880-03</subfield>
        <subfield code='a'>Beijing :</subfield>
        <subfield code='b'>Wen wu chu ban she,</subfield>
        <subfield code='c'>1973.</subfield>
      </datafield>
      <datafield ind1=' ' ind2=' ' tag='300'>
        <subfield code='a'>2 v. :</subfield>
        <subfield code='b'>ill., plates (part col.) ;</subfield>
        <subfield code='c'>36 cm.</subfield>
      </datafield>
      <datafield ind1=' ' ind2=' ' tag='500'>
        <subfield code='a'>Vol. 2 contains plates.</subfield>
      </datafield>
      <datafield ind1=' ' ind2=' ' tag='500'>
        <subfield code='a'>Booklet (9 p. 35 cm.) containing English abstract, with title: The Han tomb No. 1 at Mawangtui, Changsha, inserted in v. 1.</subfield>
      </datafield>
      <datafield ind1=' ' ind2='0' tag='650'>
        <subfield code='a'>Art objects, Chinese.</subfield>
      </datafield>
      <datafield ind1=' ' ind2='0' tag='650'>
        <subfield code='6'>880-05</subfield>
        <subfield code='a'>Excavations (Archaeology)</subfield>
        <subfield code='z'>China</subfield>
        <subfield code='z'>Changsha (Hunan Sheng)</subfield>
      </datafield>
      <datafield ind1=' ' ind2='0' tag='650'>
        <subfield code='6'>880-04</subfield>
        <subfield code='a'>Tombs</subfield>
        <subfield code='z'>China</subfield>
        <subfield code='z'>Changsha (Hunan Sheng)</subfield>
      </datafield>
      <datafield ind1='2' ind2=' ' tag='710'>
        <subfield code='6'>880-06</subfield>
        <subfield code='a'>Zhongguo ke xue yuan.</subfield>
        <subfield code='b'>Kao gu yan jiu suo.</subfield>
      </datafield>
      <datafield ind1='0' ind2=' ' tag='740'>
        <subfield code='a'>Han tomb No. 1 at Mawangtui, Changsha.</subfield>
      </datafield>
      <datafield ind1='2' ind2='0' tag='880'>
        <subfield code='6'>110-01/$1</subfield>
        <subfield code='a'>湖南省博物馆.</subfield>
      </datafield>
      <datafield ind1='1' ind2='0' tag='880'>
        <subfield code='6'>245-02/$1</subfield>
        <subfield code='a'>長沙馬王堆一號漢墓 /</subfield>
        <subfield code='c'>湖南省博物馆, 中国科学院考古研究所编.</subfield>
      </datafield>
      <datafield ind1='0' ind2=' ' tag='880'>
        <subfield code='6'>260-03/$1</subfield>
        <subfield code='a'>北京 :</subfield>
        <subfield code='b'>文物出版社,</subfield>
        <subfield code='c'>1973.</subfield>
      </datafield>
      <datafield ind1=' ' ind2='0' tag='880'>
        <subfield code='6'>650-04/$1</subfield>
        <subfield code='a'>Tombs</subfield>
        <subfield code='z'>China</subfield>
        <subfield code='z'>長沙(Hunan Sheng)</subfield>
      </datafield>
      <datafield ind1=' ' ind2='0' tag='880'>
        <subfield code='6'>650-05/$1</subfield>
        <subfield code='a'>Excavations (Archaeology)</subfield>
        <subfield code='z'>長沙市 (China)</subfield>
      </datafield>
      <datafield ind1='2' ind2='0' tag='880'>
        <subfield code='6'>710-06/$1</subfield>
        <subfield code='a'>中国科学院.</subfield>
        <subfield code='b'>考古研究所.</subfield>
      </datafield>
      <datafield ind1=' ' ind2=' ' tag='907'>
        <subfield code='a'>b2532583</subfield>
      </datafield>
      <datafield ind1='9' ind2='1' tag='999'>
        <subfield code='i'>i3644261</subfield>
        <subfield code='l'>dddb</subfield>
        <subfield code='s'>-</subfield>
        <subfield code='t'>0</subfield>
        <subfield code='c'>1</subfield>
        <subfield code='o'>1</subfield>
        <subfield code='b'>00033170540</subfield>
        <subfield code='p'>090</subfield>
        <subfield code='q'>|aDS796 .C4 H84</subfield>
        <subfield code='v'>v.1</subfield>
      </datafield>
      <datafield ind1='9' ind2='1' tag='999'>
        <subfield code='i'>i7935955</subfield>
        <subfield code='l'>dddb</subfield>
        <subfield code='s'>-</subfield>
        <subfield code='t'>0</subfield>
        <subfield code='c'>1</subfield>
        <subfield code='o'>1</subfield>
        <subfield code='b'>00033170194</subfield>
        <subfield code='p'>090</subfield>
        <subfield code='q'>|aDS796 .C4 H84</subfield>
        <subfield code='v'>v.2</subfield>
      </datafield>
  </record>