
  <record>
    <leader>00000nam  2200289 a 4500</leader>
      <controlfield tag='008'>870611s1986    dcu          f000 0 eng d</controlfield>
      <controlfield tag='001'>15995495</controlfield>
      <datafield ind1=' ' ind2=' ' tag='035'>
        <subfield code='a'>(GPO)87014717</subfield>
      </datafield>
      <datafield ind1=' ' ind2=' ' tag='040'>
        <subfield code='a'>GPO</subfield>
        <subfield code='c'>GPO</subfield>
      </datafield>
      <datafield ind1=' ' ind2=' ' tag='043'>
        <subfield code='a'>n-us---</subfield>
      </datafield>
      <datafield ind1=' ' ind2=' ' tag='074'>
        <subfield code='a'>996-A</subfield>
      </datafield>
      <datafield ind1=' ' ind2=' ' tag='074'>
        <subfield code='a'>996-B(MF)</subfield>
      </datafield>
      <datafield ind1='0' ind2=' ' tag='086'>
        <subfield code='a'>Y 1.1/7:99-268</subfield>
      </datafield>
      <datafield ind1='1' ind2=' ' tag='110'>
        <subfield code='a'>United States.</subfield>
        <subfield code='b'>General Accounting Office.</subfield>
      </datafield>
      <datafield ind1='1' ind2='0' tag='245'>
        <subfield code='a'>Review of deferrals :</subfield>
        <subfield code='b'>communication from the Comptroller General of the United States transmitting a review of four deferrals of budget authority transmitted by the President on June 24, 1986 in his seventh special message for fiscal year 1986, pursuant to 2 U.S.C. 685.</subfield>
      </datafield>
      <datafield ind1=' ' ind2=' ' tag='260'>
        <subfield code='a'>Washington :</subfield>
        <subfield code='b'>U.S. G.P.O.,</subfield>
        <subfield code='c'>1986.</subfield>
      </datafield>
      <datafield ind1=' ' ind2=' ' tag='300'>
        <subfield code='a'>3 p. ;</subfield>
        <subfield code='c'>24 cm.</subfield>
      </datafield>
      <datafield ind1=' ' ind2=' ' tag='500'>
        <subfield code='a'>&quot;Referred to the Committee on Appropriations.&quot;</subfield>
      </datafield>
      <datafield ind1=' ' ind2=' ' tag='500'>
        <subfield code='a'>Distributed to some depository libraries in microfiche.</subfield>
      </datafield>
      <datafield ind1=' ' ind2=' ' tag='500'>
        <subfield code='a'>Shipping list no.: 86-820-P.</subfield>
      </datafield>
      <datafield ind1=' ' ind2=' ' tag='500'>
        <subfield code='a'>&quot;September 22, 1986.&quot;</subfield>
      </datafield>
      <datafield ind1=' ' ind2='0' tag='650'>
        <subfield code='a'>Budget</subfield>
        <subfield code='z'>United States.</subfield>
      </datafield>
      <datafield ind1=' ' ind2='0' tag='650'>
        <subfield code='a'>Executive impoundment of appropriated funds</subfield>
        <subfield code='z'>United States.</subfield>
      </datafield>
      <datafield ind1='1' ind2=' ' tag='710'>
        <subfield code='a'>United States.</subfield>
        <subfield code='b'>Congress.</subfield>
        <subfield code='b'>House.</subfield>
        <subfield code='b'>Committee on Appropriations.</subfield>
      </datafield>
      <datafield ind1=' ' ind2='0' tag='830'>
        <subfield code='a'>House document (United States. Congress. House) ;</subfield>
        <subfield code='v'>99-268.</subfield>
      </datafield>
      <datafield ind1=' ' ind2=' ' tag='907'>
        <subfield code='a'>b3737060</subfield>
      </datafield>
      <datafield ind1='9' ind2='1' tag='999'>
        <subfield code='i'>i5190410</subfield>
        <subfield code='l'>dcpf</subfield>
        <subfield code='s'>o</subfield>
        <subfield code='t'>20</subfield>
        <subfield code='c'>1</subfield>
        <subfield code='o'>0</subfield>
        <subfield code='b'>HBBY-2576-00001</subfield>
        <subfield code='p'>086</subfield>
        <subfield code='q'>|aY 1.1/7:99-268</subfield>
      </datafield>
      <datafield ind1='9' ind2='1' tag='999'>
        <subfield code='i'>i5190409</subfield>
        <subfield code='l'>kdfc</subfield>
        <subfield code='s'>o</subfield>
        <subfield code='t'>27</subfield>
        <subfield code='c'>1</subfield>
        <subfield code='o'>0</subfield>
        <subfield code='b'>HBFP-5282-00001</subfield>
        <subfield code='p'>086</subfield>
        <subfield code='q'>|aY 1.1/7:99-268</subfield>
      </datafield>
  </record>