
  <record>
    <leader>00000cam a2200217K  4500</leader>
      <controlfield tag='008'>910909s1922    gw            000 0 ger d</controlfield>
      <controlfield tag='001'>21435032</controlfield>
      <controlfield tag='005'>19910909000000.0</controlfield>
      <datafield ind1=' ' ind2=' ' tag='040'>
        <subfield code='a'>CUY</subfield>
        <subfield code='c'>CUY</subfield>
      </datafield>
      <datafield ind1='1' ind2=' ' tag='100'>
        <subfield code='a'>Schwitters, Kurt,</subfield>
        <subfield code='d'>1887-1948.</subfield>
      </datafield>
      <datafield ind1='1' ind2='0' tag='245'>
        <subfield code='a'>Anna Blume, dichtungen.</subfield>
      </datafield>
      <datafield ind1=' ' ind2=' ' tag='260'>
        <subfield code='a'>Hannover,</subfield>
        <subfield code='b'>P. Steegmann</subfield>
        <subfield code='c'>[1922]</subfield>
      </datafield>
      <datafield ind1=' ' ind2=' ' tag='300'>
        <subfield code='a'>1 p. l., 5-82 p.</subfield>
        <subfield code='c'>19 cm.</subfield>
      </datafield>
      <datafield ind1=' ' ind2='0' tag='830'>
        <subfield code='a'>Silbergäule ;</subfield>
        <subfield code='v'>39-40 Band.</subfield>
      </datafield>
      <datafield ind1=' ' ind2=' ' tag='907'>
        <subfield code='a'>b2345686</subfield>
      </datafield>
      <datafield ind1='9' ind2='1' tag='999'>
        <subfield code='i'>i3373055</subfield>
        <subfield code='l'>trln</subfield>
        <subfield code='s'>-</subfield>
        <subfield code='t'>0</subfield>
        <subfield code='c'>1</subfield>
        <subfield code='o'>0</subfield>
        <subfield code='b'>00050709465</subfield>
        <subfield code='p'>090</subfield>
        <subfield code='q'>|aPT2638.W9 A75</subfield>
      </datafield>
  </record>