
  <record>
    <leader>00000nam a2200445 i 4500</leader>
      <controlfield tag='007'>he bmb024bbca</controlfield>
      <controlfield tag='008'>130916s2013    dcua    bb   f000 0 eng c</controlfield>
      <controlfield tag='001'>858313011</controlfield>
      <controlfield tag='003'>OCoLC</controlfield>
      <controlfield tag='005'>20130917113133.0</controlfield>
      <datafield ind1=' ' ind2=' ' tag='019'>
        <subfield code='a'>tmp97415147</subfield>
      </datafield>
      <datafield ind1=' ' ind2=' ' tag='040'>
        <subfield code='a'>KSW</subfield>
        <subfield code='b'>eng</subfield>
        <subfield code='e'>rda</subfield>
        <subfield code='c'>KSW</subfield>
        <subfield code='d'>GPO</subfield>
        <subfield code='d'>MvI</subfield>
      </datafield>
      <datafield ind1=' ' ind2=' ' tag='042'>
        <subfield code='a'>pcc</subfield>
      </datafield>
      <datafield ind1=' ' ind2=' ' tag='043'>
        <subfield code='a'>n-us---</subfield>
      </datafield>
      <datafield ind1='1' ind2='4' tag='050'>
        <subfield code='a'>KF27</subfield>
        <subfield code='b'>.E553 2010t</subfield>
      </datafield>
      <datafield ind1=' ' ind2=' ' tag='074'>
        <subfield code='a'>1019-B-01 (MF)</subfield>
      </datafield>
      <datafield ind1='0' ind2=' ' tag='086'>
        <subfield code='a'>Y 4.C 73/8:111-158</subfield>
      </datafield>
      <datafield ind1=' ' ind2=' ' tag='088'>
        <subfield code='a'>Serial no. 111-158 (United States. Congress. House. Committee on Energy and Commerce)</subfield>
      </datafield>
      <datafield ind1='1' ind2=' ' tag='110'>
        <subfield code='a'>United States.</subfield>
        <subfield code='b'>Congress.</subfield>
        <subfield code='b'>House.</subfield>
        <subfield code='b'>Committee on Energy and Commerce.</subfield>
        <subfield code='b'>Subcommittee on Health,</subfield>
        <subfield code='e'>author.</subfield>
      </datafield>
      <datafield ind1='1' ind2='0' tag='245'>
        <subfield code='a'>Cutting waste, fraud, and abuse in Medicare and Medicaid :</subfield>
        <subfield code='b'>hearing before the Subcommittee on Health of the Committee on Energy and Commerce, House of Representatives, One Hundred Eleventh Congress, second session, September 22, 2010.</subfield>
      </datafield>
      <datafield ind1=' ' ind2='1' tag='264'>
        <subfield code='a'>[Washington, D.C.] :</subfield>
        <subfield code='b'>U.S. Government Printing Office,</subfield>
        <subfield code='c'>[2013]</subfield>
      </datafield>
      <datafield ind1=' ' ind2=' ' tag='300'>
        <subfield code='a'>2 microfiches (v, 112 pages) :</subfield>
        <subfield code='b'>negative ;</subfield>
        <subfield code='c'>11 x 15 cm</subfield>
      </datafield>
      <datafield ind1=' ' ind2=' ' tag='336'>
        <subfield code='a'>text</subfield>
        <subfield code='b'>txt</subfield>
        <subfield code='2'>rdacontent</subfield>
      </datafield>
      <datafield ind1=' ' ind2=' ' tag='337'>
        <subfield code='a'>microform</subfield>
        <subfield code='b'>h</subfield>
        <subfield code='2'>rdamedia</subfield>
      </datafield>
      <datafield ind1=' ' ind2=' ' tag='338'>
        <subfield code='a'>microfiche</subfield>
        <subfield code='b'>he</subfield>
        <subfield code='2'>rdacarrier</subfield>
      </datafield>
      <datafield ind1=' ' ind2=' ' tag='500'>
        <subfield code='a'>Shipping list no.: 2013-0291-M.</subfield>
      </datafield>
      <datafield ind1=' ' ind2=' ' tag='500'>
        <subfield code='a'>Paper version available for sale by the Superintendent of Documents, U.S. Government Printing Office.</subfield>
      </datafield>
      <datafield ind1=' ' ind2=' ' tag='500'>
        <subfield code='a'>&quot;Serial no. 111-158.&quot;</subfield>
      </datafield>
      <datafield ind1=' ' ind2=' ' tag='504'>
        <subfield code='a'>Includes bibliographical references.</subfield>
      </datafield>
      <datafield ind1=' ' ind2='0' tag='650'>
        <subfield code='a'>Medicare fraud</subfield>
        <subfield code='x'>Prevention.</subfield>
      </datafield>
      <datafield ind1=' ' ind2='0' tag='650'>
        <subfield code='a'>Medicaid fraud</subfield>
        <subfield code='x'>Prevention.</subfield>
      </datafield>
      <datafield ind1=' ' ind2='0' tag='650'>
        <subfield code='a'>Medicare</subfield>
        <subfield code='x'>Cost control.</subfield>
      </datafield>
      <datafield ind1=' ' ind2='0' tag='650'>
        <subfield code='a'>Medicaid</subfield>
        <subfield code='x'>Cost control.</subfield>
      </datafield>
      <datafield ind1=' ' ind2='0' tag='650'>
        <subfield code='a'>Waste in government spending</subfield>
        <subfield code='z'>United States</subfield>
        <subfield code='x'>Prevention.</subfield>
      </datafield>
      <datafield ind1='0' ind2='8' tag='776'>
        <subfield code='i'>Print version:</subfield>
        <subfield code='a'>United States. Congress. House. Committee on Energy and Commerce. Subcommittee on Health.</subfield>
        <subfield code='t'>Cutting waste, fraud, and abuse in Medicare and Medicaid</subfield>
        <subfield code='w'>(DLC)  2013379425</subfield>
        <subfield code='w'>(OCoLC)847990380</subfield>
      </datafield>
      <datafield ind1='0' ind2='8' tag='776'>
        <subfield code='i'>Online version:</subfield>
        <subfield code='a'>United States. Congress. House. Committee on Energy and Commerce. Subcommittee on Health.</subfield>
        <subfield code='t'>Cutting waste, fraud, and abuse in Medicare and Medicaid</subfield>
        <subfield code='w'>(OCoLC)847992893</subfield>
      </datafield>
      <datafield ind1=' ' ind2=' ' tag='907'>
        <subfield code='a'>b7481342</subfield>
      </datafield>
      <datafield ind1='9' ind2='1' tag='999'>
        <subfield code='i'>i10124377</subfield>
        <subfield code='l'>dcpfb</subfield>
        <subfield code='s'>-</subfield>
        <subfield code='t'>20</subfield>
        <subfield code='c'>1</subfield>
        <subfield code='o'>0</subfield>
        <subfield code='p'>086</subfield>
        <subfield code='q'>|aY 4.C 73/8:111-158</subfield>
      </datafield>
      <datafield ind1='9' ind2='1' tag='999'>
        <subfield code='i'>i10124378</subfield>
        <subfield code='l'>kdfc</subfield>
        <subfield code='s'>o</subfield>
        <subfield code='t'>27</subfield>
        <subfield code='c'>1</subfield>
        <subfield code='o'>0</subfield>
        <subfield code='p'>086</subfield>
        <subfield code='q'>|aY 4.C 73/8:111-158</subfield>
      </datafield>
  </record>