
  <record>
    <leader>00000cam a2200385Ia 4500</leader>
      <controlfield tag='008'>150504s2014    cc a          000 0 chi d</controlfield>
      <controlfield tag='001'>908437442</controlfield>
      <controlfield tag='003'>OCoLC</controlfield>
      <datafield ind1=' ' ind2=' ' tag='020'>
        <subfield code='a'>9787807677963 :</subfield>
        <subfield code='c'>RMB20.00</subfield>
      </datafield>
      <datafield ind1=' ' ind2=' ' tag='020'>
        <subfield code='a'>7807677961</subfield>
      </datafield>
      <datafield ind1=' ' ind2=' ' tag='035'>
        <subfield code='a'>(OCoLC)908437442</subfield>
      </datafield>
      <datafield ind1=' ' ind2=' ' tag='040'>
        <subfield code='a'>BCBTC</subfield>
        <subfield code='b'>eng</subfield>
        <subfield code='c'>BCBTC</subfield>
        <subfield code='d'>OCLCQ</subfield>
        <subfield code='d'>BCBTC</subfield>
      </datafield>
      <datafield ind1=' ' ind2=' ' tag='066'>
        <subfield code='c'>$1</subfield>
      </datafield>
      <datafield ind1='1' ind2=' ' tag='100'>
        <subfield code='6'>880-01</subfield>
        <subfield code='a'>Chen, Lirong.</subfield>
      </datafield>
      <datafield ind1='1' ind2='0' tag='245'>
        <subfield code='6'>880-02</subfield>
        <subfield code='a'>Tang chuan qi nü xing xing xiang yan jiu /</subfield>
        <subfield code='c'>Chen Lirong zhu.</subfield>
      </datafield>
      <datafield ind1='1' ind2='4' tag='246'>
        <subfield code='a'>TANG CHUANQI NVXING XINGXIANG YANJIU</subfield>
      </datafield>
      <datafield ind1=' ' ind2=' ' tag='250'>
        <subfield code='6'>880-03</subfield>
        <subfield code='a'>Di 1 ban.</subfield>
      </datafield>
      <datafield ind1=' ' ind2=' ' tag='260'>
        <subfield code='6'>880-04</subfield>
        <subfield code='a'>Taiyuan :</subfield>
        <subfield code='b'>Shanxi jing ji chu ban she,</subfield>
        <subfield code='c'>2014.</subfield>
      </datafield>
      <datafield ind1=' ' ind2=' ' tag='300'>
        <subfield code='a'>2, 232 p. :</subfield>
        <subfield code='b'>col. ill. ;</subfield>
        <subfield code='c'>22 cm.</subfield>
      </datafield>
      <datafield ind1=' ' ind2='0' tag='650'>
        <subfield code='a'>Women in literature.</subfield>
      </datafield>
      <datafield ind1=' ' ind2='0' tag='650'>
        <subfield code='a'>Chinese literature</subfield>
        <subfield code='y'>Tang dynasty, 618-907</subfield>
        <subfield code='x'>History and criticism.</subfield>
      </datafield>
      <datafield ind1=' ' ind2='0' tag='650'>
        <subfield code='a'>Women</subfield>
        <subfield code='z'>China</subfield>
        <subfield code='x'>History.</subfield>
      </datafield>
      <datafield ind1=' ' ind2='0' tag='651'>
        <subfield code='a'>China</subfield>
        <subfield code='x'>History</subfield>
        <subfield code='y'>Tang dynasty, 618-907.</subfield>
      </datafield>
      <datafield ind1='1' ind2=' ' tag='880'>
        <subfield code='6'>100-01/$1</subfield>
        <subfield code='a'>陈丽荣.</subfield>
      </datafield>
      <datafield ind1='1' ind2='0' tag='880'>
        <subfield code='6'>245-02/$1</subfield>
        <subfield code='a'>唐传奇女性形象研究 /</subfield>
        <subfield code='c'>陈丽荣著.</subfield>
      </datafield>
      <datafield ind1=' ' ind2=' ' tag='880'>
        <subfield code='6'>250-03/$1</subfield>
        <subfield code='a'>第1版.</subfield>
      </datafield>
      <datafield ind1=' ' ind2=' ' tag='880'>
        <subfield code='6'>260-04/$1</subfield>
        <subfield code='a'>太原 :</subfield>
        <subfield code='b'>山西经济出版社,</subfield>
        <subfield code='c'>2014.</subfield>
      </datafield>
      <datafield ind1=' ' ind2='1' tag='907'>
        <subfield code='a'>b8388741</subfield>
      </datafield>
      <datafield ind1='9' ind2='1' tag='999'>
        <subfield code='i'>i11299863</subfield>
        <subfield code='l'>ddda</subfield>
        <subfield code='s'>-</subfield>
        <subfield code='t'>0</subfield>
        <subfield code='c'>1</subfield>
        <subfield code='o'>0</subfield>
        <subfield code='b'>00040540655</subfield>
        <subfield code='p'>090</subfield>
        <subfield code='q'>|aPL2275.W65|bC43 2014</subfield>
      </datafield>
  </record>