
  <record>
    <leader>00000cam a2200457 a 4500</leader>
      <controlfield tag='008'>100621s2010    paub     b   s001 0 eng  </controlfield>
      <controlfield tag='001'>643568952</controlfield>
      <controlfield tag='003'>OCoLC</controlfield>
      <controlfield tag='005'>20101120060347.2</controlfield>
      <datafield ind1=' ' ind2=' ' tag='010'>
        <subfield code='a'>2010024251</subfield>
      </datafield>
      <datafield ind1=' ' ind2=' ' tag='020'>
        <subfield code='a'>9780271029375 (pbk. : alk. paper)</subfield>
      </datafield>
      <datafield ind1=' ' ind2=' ' tag='020'>
        <subfield code='a'>0271029374 (pbk. : alk. paper)</subfield>
      </datafield>
      <datafield ind1=' ' ind2=' ' tag='035'>
        <subfield code='a'>(OCoLC)643568952</subfield>
      </datafield>
      <datafield ind1=' ' ind2=' ' tag='040'>
        <subfield code='a'>DLC</subfield>
        <subfield code='c'>DLC</subfield>
        <subfield code='d'>YDX</subfield>
        <subfield code='d'>YDXCP</subfield>
      </datafield>
      <datafield ind1='1' ind2=' ' tag='041'>
        <subfield code='a'>eng</subfield>
        <subfield code='h'>spa</subfield>
      </datafield>
      <datafield ind1=' ' ind2=' ' tag='043'>
        <subfield code='a'>n------</subfield>
        <subfield code='a'>s------</subfield>
      </datafield>
      <datafield ind1='0' ind2='0' tag='050'>
        <subfield code='a'>E141</subfield>
        <subfield code='b'>.V313 2010</subfield>
      </datafield>
      <datafield ind1='0' ind2='0' tag='082'>
        <subfield code='a'>970.01/6</subfield>
        <subfield code='2'>22</subfield>
      </datafield>
      <datafield ind1='1' ind2=' ' tag='100'>
        <subfield code='a'>Vargas Machuca, Bernardo de,</subfield>
        <subfield code='d'>1557-1622.</subfield>
      </datafield>
      <datafield ind1='1' ind2='0' tag='240'>
        <subfield code='a'>Milicia y descripción de las Indias.</subfield>
        <subfield code='l'>English</subfield>
      </datafield>
      <datafield ind1='1' ind2='0' tag='245'>
        <subfield code='a'>Defending the conquest :</subfield>
        <subfield code='b'>Bernardo de Vargas Machuca&apos;s Defense and discourse of the western conquests /</subfield>
        <subfield code='c'>edited by Kris Lane ; translated by Timothy F. Johnson.</subfield>
      </datafield>
      <datafield ind1=' ' ind2=' ' tag='260'>
        <subfield code='a'>University Park :</subfield>
        <subfield code='b'>Pennsylvania State University Press,</subfield>
        <subfield code='c'>c2010.</subfield>
      </datafield>
      <datafield ind1=' ' ind2=' ' tag='300'>
        <subfield code='a'>xii, 162 p. :</subfield>
        <subfield code='b'>map ;</subfield>
        <subfield code='c'>22 cm.</subfield>
      </datafield>
      <datafield ind1=' ' ind2=' ' tag='500'>
        <subfield code='a'>Translated from Spanish.</subfield>
      </datafield>
      <datafield ind1=' ' ind2=' ' tag='504'>
        <subfield code='a'>Includes bibliographical references and index.</subfield>
      </datafield>
      <datafield ind1=' ' ind2=' ' tag='520'>
        <subfield code='a'>&quot;An English translation and critical edition of a refutation, written about 1603 by the soldier Bernardo de Vargas Machuca, of Bartolome de las Casas&apos;s famous Brief Account of the Destruction of the Indies (1558)&quot;--Provided by publisher.</subfield>
      </datafield>
      <datafield ind1=' ' ind2='0' tag='650'>
        <subfield code='a'>Indians of the West Indies</subfield>
        <subfield code='v'>Early works to 1800.</subfield>
      </datafield>
      <datafield ind1=' ' ind2='0' tag='650'>
        <subfield code='a'>Indians of South America</subfield>
        <subfield code='v'>Early works to 1800.</subfield>
      </datafield>
      <datafield ind1=' ' ind2='0' tag='650'>
        <subfield code='a'>Military art and science</subfield>
        <subfield code='z'>America</subfield>
        <subfield code='v'>Early works to 1800.</subfield>
      </datafield>
      <datafield ind1=' ' ind2='0' tag='651'>
        <subfield code='a'>America</subfield>
        <subfield code='v'>Early accounts to 1600.</subfield>
      </datafield>
      <datafield ind1=' ' ind2='0' tag='651'>
        <subfield code='a'>America</subfield>
        <subfield code='x'>Discovery and exploration</subfield>
        <subfield code='x'>Spanish</subfield>
        <subfield code='v'>Early works to 1800.</subfield>
      </datafield>
      <datafield ind1='1' ind2=' ' tag='700'>
        <subfield code='a'>Lane, Kris E.,</subfield>
        <subfield code='d'>1967-</subfield>
      </datafield>
      <datafield ind1='1' ind2=' ' tag='700'>
        <subfield code='a'>Johnson, Timothy F.</subfield>
      </datafield>
      <datafield ind1=' ' ind2='0' tag='830'>
        <subfield code='a'>Latin American originals ;</subfield>
        <subfield code='v'>4.</subfield>
      </datafield>
      <datafield ind1=' ' ind2='1' tag='907'>
        <subfield code='a'>b6509174</subfield>
      </datafield>
      <datafield ind1='9' ind2='1' tag='999'>
        <subfield code='i'>i8529444</subfield>
        <subfield code='l'>ddda</subfield>
        <subfield code='s'>-</subfield>
        <subfield code='t'>0</subfield>
        <subfield code='c'>1</subfield>
        <subfield code='o'>2</subfield>
        <subfield code='b'>00038032958</subfield>
        <subfield code='p'>050</subfield>
        <subfield code='q'>|aE141|b.V313 2010</subfield>
      </datafield>
  </record>