
  <record>
    <leader>00000nam a22005055i 4500</leader>
      <controlfield tag='006'>m    |o  d |</controlfield>
      <controlfield tag='007'>cr nn 008mamaa</controlfield>
      <controlfield tag='008'>160428s2016    gw a    o    |||| 0|eng d</controlfield>
      <controlfield tag='001'>Spr9783319239194</controlfield>
      <controlfield tag='003'>DE-He213</controlfield>
      <controlfield tag='005'>20160429104244.0</controlfield>
      <datafield ind1=' ' ind2=' ' tag='020'>
        <subfield code='a'>9783319239194</subfield>
      </datafield>
      <datafield ind1='7' ind2=' ' tag='024'>
        <subfield code='a'>10.1007/978-3-319-23919-4</subfield>
        <subfield code='2'>doi</subfield>
      </datafield>
      <datafield ind1=' ' ind2='4' tag='050'>
        <subfield code='a'>GE1-350</subfield>
      </datafield>
      <datafield ind1=' ' ind2='7' tag='072'>
        <subfield code='a'>RNP</subfield>
        <subfield code='2'>bicssc</subfield>
      </datafield>
      <datafield ind1=' ' ind2='7' tag='072'>
        <subfield code='a'>SCI013000</subfield>
        <subfield code='2'>bisacsh</subfield>
      </datafield>
      <datafield ind1=' ' ind2='7' tag='072'>
        <subfield code='a'>SCI026000</subfield>
        <subfield code='2'>bisacsh</subfield>
      </datafield>
      <datafield ind1='0' ind2='4' tag='082'>
        <subfield code='a'>577.14</subfield>
        <subfield code='2'>23</subfield>
      </datafield>
      <datafield ind1='1' ind2='0' tag='245'>
        <subfield code='a'>Indoor and Outdoor Nanoparticles</subfield>
        <subfield code='h'>[electronic resource] :</subfield>
        <subfield code='b'>Determinants of Release and Exposure Scenarios /</subfield>
        <subfield code='c'>edited by Mar Viana.</subfield>
      </datafield>
      <datafield ind1=' ' ind2='1' tag='264'>
        <subfield code='a'>Cham :</subfield>
        <subfield code='b'>Springer,</subfield>
        <subfield code='c'>2016.</subfield>
      </datafield>
      <datafield ind1=' ' ind2=' ' tag='300'>
        <subfield code='a'>1 online resource (XVI, 236 p.) :</subfield>
        <subfield code='b'>62 illus., 42 illus. in color</subfield>
      </datafield>
      <datafield ind1=' ' ind2=' ' tag='336'>
        <subfield code='a'>text</subfield>
        <subfield code='b'>txt</subfield>
        <subfield code='2'>rdacontent</subfield>
      </datafield>
      <datafield ind1=' ' ind2=' ' tag='337'>
        <subfield code='a'>computer</subfield>
        <subfield code='b'>c</subfield>
        <subfield code='2'>rdamedia</subfield>
      </datafield>
      <datafield ind1=' ' ind2=' ' tag='338'>
        <subfield code='a'>online resource</subfield>
        <subfield code='b'>cr</subfield>
        <subfield code='2'>rdacarrier</subfield>
      </datafield>
      <datafield ind1=' ' ind2=' ' tag='347'>
        <subfield code='a'>text file</subfield>
        <subfield code='b'>PDF</subfield>
        <subfield code='2'>rda</subfield>
      </datafield>
      <datafield ind1='0' ind2=' ' tag='505'>
        <subfield code='a'>Dosimetry and toxicology of nano-sized particles and fibres -- Measurement Methods for Nanoparticles in Indoor and Outdoor Air -- Exposure Assessment Methods -- Occupational Release of Engineered Nanoparticles: A Review -- Nanoparticle Release in Indoor Workplaces: Emission Sources, Release Determinants, and Release Categories Based on Workplace Measurements -- Nanoparticles release from nano-enabled products -- Workplace exposure to process-generated ultrafine and nanoparticles in ceramic processes using laser technology -- Quantitative Modelling of occupational exposure to airborne nanoparticles -- The flows of engineered nanomaterials from production, use and disposal to the environment.</subfield>
      </datafield>
      <datafield ind1='1' ind2=' ' tag='506'>
        <subfield code='a'>Access limited to UNC Chapel Hill-authenticated users.</subfield>
        <subfield code='f'>Unlimited simultaneous users</subfield>
      </datafield>
      <datafield ind1=' ' ind2=' ' tag='520'>
        <subfield code='a'>This volume provides an overview of the determinants of the release of and exposure to airborne nanoparticles. Whether intentionally manufactured or unintentionally generated during industrial processes, the release of nanoparticles can result in significant worker exposure, which must be dealt with adequately by means of dedicated risk assessments to ensure workplace health and safety. The book extensively discusses a number of measurement and modelling strategies available for this purpose. It also reviews the health hazardous potential of nano-sized particles and fibres, and follows the flow of engineered nanomaterials from production and use to disposal and the environment. It appeals to a wide readership, from specialists already working in the field to newcomers aiming to gain insights into this topic. .</subfield>
      </datafield>
      <datafield ind1=' ' ind2='0' tag='650'>
        <subfield code='a'>Air pollution.</subfield>
      </datafield>
      <datafield ind1=' ' ind2='0' tag='650'>
        <subfield code='a'>Ecotoxicology.</subfield>
      </datafield>
      <datafield ind1=' ' ind2='0' tag='650'>
        <subfield code='a'>Environment.</subfield>
      </datafield>
      <datafield ind1=' ' ind2='0' tag='650'>
        <subfield code='a'>Environmental chemistry.</subfield>
      </datafield>
      <datafield ind1=' ' ind2='0' tag='650'>
        <subfield code='a'>Nanochemistry.</subfield>
      </datafield>
      <datafield ind1=' ' ind2='0' tag='650'>
        <subfield code='a'>Nanotechnology.</subfield>
      </datafield>
      <datafield ind1='1' ind2=' ' tag='700'>
        <subfield code='a'>Viana, Mar,</subfield>
        <subfield code='e'>editor.</subfield>
      </datafield>
      <datafield ind1='0' ind2=' ' tag='773'>
        <subfield code='t'>Springer e-books (online collection)</subfield>
      </datafield>
      <datafield ind1='0' ind2='8' tag='776'>
        <subfield code='i'>Printed edition:</subfield>
        <subfield code='z'>9783319239187</subfield>
      </datafield>
      <datafield ind1=' ' ind2='0' tag='830'>
        <subfield code='a'>The Handbook of Environmental Chemistry,</subfield>
        <subfield code='x'>1867-979X ;</subfield>
        <subfield code='v'>48</subfield>
      </datafield>
      <datafield ind1='4' ind2='0' tag='856'>
        <subfield code='u'>http://libproxy.lib.unc.edu/login?url=http://link.springer.com/10.1007/978-3-319-23919-4</subfield>
        <subfield code='y'>Full text available via the UNC-Chapel Hill Libraries</subfield>
      </datafield>
      <datafield ind1=' ' ind2=' ' tag='907'>
        <subfield code='a'>b8501775</subfield>
      </datafield>
  </record>