
  <record>
    <leader>00000cam  2200169I  4500</leader>
      <controlfield tag='008'>910909s1947    dk ac         000 0ddan c</controlfield>
      <controlfield tag='001'>13259111</controlfield>
      <controlfield tag='005'>19910909000000.0</controlfield>
      <datafield ind1=' ' ind2=' ' tag='010'>
        <subfield code='a'>a  48007954</subfield>
      </datafield>
      <datafield ind1=' ' ind2=' ' tag='040'>
        <subfield code='a'>Harvard University. Library</subfield>
        <subfield code='c'>MNU</subfield>
        <subfield code='d'>m.c.</subfield>
        <subfield code='d'>FUG</subfield>
      </datafield>
      <datafield ind1='0' ind2=' ' tag='050'>
        <subfield code='a'>PT8175.P48</subfield>
        <subfield code='b'>Z7</subfield>
      </datafield>
      <datafield ind1=' ' ind2=' ' tag='082'>
        <subfield code='a'>928.3981</subfield>
      </datafield>
      <datafield ind1='1' ind2=' ' tag='100'>
        <subfield code='a'>Brix, Hans,</subfield>
        <subfield code='d'>1870-1961.</subfield>
      </datafield>
      <datafield ind1='1' ind2='0' tag='245'>
        <subfield code='a'>Nis Petersen, liv og digt.</subfield>
      </datafield>
      <datafield ind1=' ' ind2=' ' tag='260'>
        <subfield code='a'>København,</subfield>
        <subfield code='b'>Gyldendal,</subfield>
        <subfield code='c'>1947.</subfield>
      </datafield>
      <datafield ind1=' ' ind2=' ' tag='300'>
        <subfield code='a'>290 p.</subfield>
        <subfield code='b'>illus., ports.</subfield>
        <subfield code='c'>25 cm.</subfield>
      </datafield>
      <datafield ind1='1' ind2='0' tag='600'>
        <subfield code='a'>Petersen, Nis,</subfield>
        <subfield code='d'>1897-1943.</subfield>
      </datafield>
      <datafield ind1=' ' ind2=' ' tag='907'>
        <subfield code='a'>b2099030</subfield>
      </datafield>
      <datafield ind1='9' ind2='1' tag='999'>
        <subfield code='i'>i3033367</subfield>
        <subfield code='l'>trln</subfield>
        <subfield code='s'>-</subfield>
        <subfield code='t'>0</subfield>
        <subfield code='c'>1</subfield>
        <subfield code='o'>0</subfield>
        <subfield code='b'>00039832725</subfield>
        <subfield code='p'>090</subfield>
        <subfield code='q'>|aPT8175.P48 Z7</subfield>
      </datafield>
  </record>