
  <record>
    <leader>00000cgm  2200409Ia 4500</leader>
      <controlfield tag='008'>861208s1984    cau107            vleng d</controlfield>
      <controlfield tag='007'>vfrcbaho-</controlfield>
      <controlfield tag='001'>10409795</controlfield>
      <controlfield tag='005'>19861208000000.0</controlfield>
      <datafield ind1=' ' ind2=' ' tag='040'>
        <subfield code='a'>UAP</subfield>
        <subfield code='c'>UAP</subfield>
        <subfield code='d'>NOC</subfield>
      </datafield>
      <datafield ind1='0' ind2='4' tag='245'>
        <subfield code='a'>The Three musketeers</subfield>
        <subfield code='h'>[videocassette] /</subfield>
        <subfield code='c'>Film Trust S.A.</subfield>
      </datafield>
      <datafield ind1='3' ind2=' ' tag='246'>
        <subfield code='a'>Three musketeers: The Queen&apos;s diamonds</subfield>
      </datafield>
      <datafield ind1=' ' ind2=' ' tag='260'>
        <subfield code='a'>Canoga Park, Calif. :</subfield>
        <subfield code='b'>U.S.A. Home Video,</subfield>
        <subfield code='c'>c1984.</subfield>
      </datafield>
      <datafield ind1=' ' ind2=' ' tag='300'>
        <subfield code='a'>1 videocassette (107 min.) :</subfield>
        <subfield code='b'>sd., col. ;</subfield>
        <subfield code='c'>1/2 in.</subfield>
      </datafield>
      <datafield ind1=' ' ind2=' ' tag='500'>
        <subfield code='a'>Originally produced or released in 1973.</subfield>
      </datafield>
      <datafield ind1=' ' ind2=' ' tag='500'>
        <subfield code='a'>Run time: approx. 107 min.</subfield>
      </datafield>
      <datafield ind1=' ' ind2=' ' tag='500'>
        <subfield code='a'>VHS format.</subfield>
      </datafield>
      <datafield ind1=' ' ind2=' ' tag='500'>
        <subfield code='a'>&quot;215-235&quot;</subfield>
      </datafield>
      <datafield ind1=' ' ind2=' ' tag='500'>
        <subfield code='a'>Based on the novel by Alexander Dumas.</subfield>
      </datafield>
      <datafield ind1=' ' ind2=' ' tag='500'>
        <subfield code='a'>Rated PG.</subfield>
      </datafield>
      <datafield ind1=' ' ind2=' ' tag='508'>
        <subfield code='a'>Director, Richard Lester ; executive producer, Ilya Salkind ; screenplay, George Mac Donald Fraser ; music, Michel Legrand.</subfield>
      </datafield>
      <datafield ind1='1' ind2=' ' tag='511'>
        <subfield code='a'>Michael York, Oliver Reed, Raquel Welch, Richard Chamberlain.</subfield>
      </datafield>
      <datafield ind1=' ' ind2=' ' tag='520'>
        <subfield code='a'>Comedy version of the swashbuckler classic.</subfield>
      </datafield>
      <datafield ind1=' ' ind2='7' tag='655'>
        <subfield code='a'>Action &amp; Adventure.</subfield>
        <subfield code='2'>local</subfield>
      </datafield>
      <datafield ind1=' ' ind2='7' tag='655'>
        <subfield code='a'>American Movies.</subfield>
        <subfield code='2'>local</subfield>
      </datafield>
      <datafield ind1=' ' ind2='7' tag='655'>
        <subfield code='a'>Film Adaptations.</subfield>
        <subfield code='2'>local</subfield>
      </datafield>
      <datafield ind1=' ' ind2='7' tag='655'>
        <subfield code='a'>Romantic Drama.</subfield>
        <subfield code='2'>local</subfield>
      </datafield>
      <datafield ind1=' ' ind2=' ' tag='691'>
        <subfield code='a'>USA.</subfield>
      </datafield>
      <datafield ind1='1' ind2=' ' tag='700'>
        <subfield code='a'>Lester, Richard,</subfield>
        <subfield code='d'>1932-</subfield>
        <subfield code='4'>drt</subfield>
      </datafield>
      <datafield ind1='2' ind2=' ' tag='710'>
        <subfield code='a'>Film Trust S.A.</subfield>
      </datafield>
      <datafield ind1=' ' ind2=' ' tag='907'>
        <subfield code='a'>b1941188</subfield>
      </datafield>
      <datafield ind1='9' ind2='1' tag='999'>
        <subfield code='i'>i2808602</subfield>
        <subfield code='l'>uldaz</subfield>
        <subfield code='s'>-</subfield>
        <subfield code='t'>57</subfield>
        <subfield code='c'>1</subfield>
        <subfield code='o'>128</subfield>
        <subfield code='b'>00006450342</subfield>
        <subfield code='p'>099</subfield>
        <subfield code='q'>|a65-V871</subfield>
      </datafield>
  </record>