
  <record>
    <leader>00000nam  2200445Ia 4500</leader>
      <controlfield tag='008'>950921e197305  ncub     bt  l000 0 eng d</controlfield>
      <controlfield tag='001'>33180309</controlfield>
      <controlfield tag='003'>OCoLC</controlfield>
      <controlfield tag='005'>20111220090859.0</controlfield>
      <datafield ind1=' ' ind2=' ' tag='035'>
        <subfield code='a'>(OCoLC)33180309</subfield>
      </datafield>
      <datafield ind1=' ' ind2=' ' tag='037'>
        <subfield code='a'>07060</subfield>
        <subfield code='b'>NCTE</subfield>
      </datafield>
      <datafield ind1=' ' ind2=' ' tag='040'>
        <subfield code='a'>NCS</subfield>
        <subfield code='c'>NCS</subfield>
        <subfield code='d'>NOC</subfield>
      </datafield>
      <datafield ind1=' ' ind2=' ' tag='043'>
        <subfield code='a'>n-us-nc</subfield>
      </datafield>
      <datafield ind1=' ' ind2=' ' tag='049'>
        <subfield code='a'>NODB</subfield>
      </datafield>
      <datafield ind1=' ' ind2='4' tag='050'>
        <subfield code='a'>HT393.N82</subfield>
        <subfield code='b'>J66 1973c</subfield>
      </datafield>
      <datafield ind1='0' ind2=' ' tag='086'>
        <subfield code='a'>NA3 11:J77</subfield>
        <subfield code='2'>ncdocs</subfield>
      </datafield>
      <datafield ind1='1' ind2=' ' tag='100'>
        <subfield code='a'>Fender, Richard A.</subfield>
      </datafield>
      <datafield ind1='1' ind2='0' tag='245'>
        <subfield code='a'>Initial housing report, Jones County, North Carolina.</subfield>
      </datafield>
      <datafield ind1=' ' ind2=' ' tag='260'>
        <subfield code='a'>[Trenton, N.C.? :</subfield>
        <subfield code='b'>Jones County Planning Board?,</subfield>
        <subfield code='c'>1973]</subfield>
      </datafield>
      <datafield ind1=' ' ind2=' ' tag='300'>
        <subfield code='a'>[2], 12 leaves :</subfield>
        <subfield code='b'>col. map ;</subfield>
        <subfield code='c'>28 cm.</subfield>
      </datafield>
      <datafield ind1=' ' ind2=' ' tag='500'>
        <subfield code='a'>Cover title.</subfield>
      </datafield>
      <datafield ind1=' ' ind2=' ' tag='500'>
        <subfield code='a'>&quot;Author(s): Richard A. Fender&quot;--Standard t.p.</subfield>
      </datafield>
      <datafield ind1=' ' ind2=' ' tag='500'>
        <subfield code='a'>&quot;May 1973.&quot;</subfield>
      </datafield>
      <datafield ind1=' ' ind2=' ' tag='500'>
        <subfield code='a'>&quot;Technical assistance from N.C. Department of Natural and Economic Resources, Division of Community Services, Northeastern Field Office&quot;--Leaf [1] (1st group).</subfield>
      </datafield>
      <datafield ind1=' ' ind2=' ' tag='504'>
        <subfield code='a'>Includes bibliographical references.</subfield>
      </datafield>
      <datafield ind1=' ' ind2=' ' tag='513'>
        <subfield code='a'>Final.</subfield>
      </datafield>
      <datafield ind1=' ' ind2=' ' tag='536'>
        <subfield code='a'>Sponsored by Dept. of Housing and Urban Development.</subfield>
        <subfield code='c'>CPA-NC-04-20-1007-24</subfield>
      </datafield>
      <datafield ind1=' ' ind2='0' tag='650'>
        <subfield code='a'>Housing</subfield>
        <subfield code='z'>North Carolina</subfield>
        <subfield code='z'>Jones County.</subfield>
      </datafield>
      <datafield ind1=' ' ind2='0' tag='650'>
        <subfield code='a'>Regional planning</subfield>
        <subfield code='z'>North Carolina</subfield>
        <subfield code='z'>Jones County.</subfield>
      </datafield>
      <datafield ind1='2' ind2=' ' tag='710'>
        <subfield code='a'>Jones County Planning Board (N.C.)</subfield>
      </datafield>
      <datafield ind1='1' ind2=' ' tag='710'>
        <subfield code='a'>North Carolina.</subfield>
        <subfield code='b'>Division of Community Services.</subfield>
        <subfield code='b'>Northeastern Field Office.</subfield>
      </datafield>
      <datafield ind1='1' ind2=' ' tag='710'>
        <subfield code='a'>United States.</subfield>
        <subfield code='b'>Department of Housing and Urban Development.</subfield>
      </datafield>
      <datafield ind1=' ' ind2=' ' tag='907'>
        <subfield code='a'>b6998356</subfield>
      </datafield>
      <datafield ind1='9' ind2='1' tag='999'>
        <subfield code='i'>i9407403</subfield>
        <subfield code='l'>wbda</subfield>
        <subfield code='s'>o</subfield>
        <subfield code='t'>0</subfield>
        <subfield code='c'>1</subfield>
        <subfield code='o'>0</subfield>
        <subfield code='b'>00042726005</subfield>
        <subfield code='p'>099</subfield>
        <subfield code='q'>|aCp352.09|aJ77p1</subfield>
      </datafield>
      <datafield ind1='9' ind2='1' tag='999'>
        <subfield code='i'>i9407404</subfield>
        <subfield code='l'>wbda</subfield>
        <subfield code='s'>-</subfield>
        <subfield code='t'>0</subfield>
        <subfield code='c'>2</subfield>
        <subfield code='o'>0</subfield>
        <subfield code='b'>00042726014</subfield>
        <subfield code='p'>099</subfield>
        <subfield code='q'>|aCp352.09|aJ77p1</subfield>
      </datafield>
  </record>