
  <record>
    <leader>00000cas  2200385 a 4500</leader>
      <controlfield tag='008'>881026c19889999ilufr1p       0   a0eng d</controlfield>
      <controlfield tag='001'>18669845</controlfield>
      <controlfield tag='005'>20010102131120.0</controlfield>
      <datafield ind1=' ' ind2=' ' tag='010'>
        <subfield code='a'>98640000</subfield>
        <subfield code='z'>sn 89007972</subfield>
      </datafield>
      <datafield ind1=' ' ind2=' ' tag='019'>
        <subfield code='a'>38154459</subfield>
      </datafield>
      <datafield ind1='0' ind2=' ' tag='022'>
        <subfield code='a'>1043-1241</subfield>
      </datafield>
      <datafield ind1=' ' ind2=' ' tag='037'>
        <subfield code='b'>CBMR Digest, Center for Black Music Research, Columbia College, 600 S. Michigan Ave., Chicago, IL 60605-1996</subfield>
      </datafield>
      <datafield ind1=' ' ind2=' ' tag='040'>
        <subfield code='a'>NDD</subfield>
        <subfield code='c'>NDD</subfield>
        <subfield code='d'>NSD</subfield>
        <subfield code='d'>NST</subfield>
        <subfield code='d'>IUL</subfield>
        <subfield code='d'>NST</subfield>
        <subfield code='d'>DLC</subfield>
        <subfield code='d'>OCL</subfield>
        <subfield code='d'>NOC</subfield>
      </datafield>
      <datafield ind1=' ' ind2=' ' tag='042'>
        <subfield code='a'>nsdp</subfield>
        <subfield code='a'>lc</subfield>
      </datafield>
      <datafield ind1=' ' ind2=' ' tag='043'>
        <subfield code='a'>n-us---</subfield>
      </datafield>
      <datafield ind1='0' ind2='0' tag='050'>
        <subfield code='a'>ML3556</subfield>
        <subfield code='b'>.C39</subfield>
      </datafield>
      <datafield ind1='0' ind2=' ' tag='210'>
        <subfield code='a'>CBMR dig.</subfield>
      </datafield>
      <datafield ind1=' ' ind2='0' tag='222'>
        <subfield code='a'>CBMR digest</subfield>
      </datafield>
      <datafield ind1='0' ind2='0' tag='245'>
        <subfield code='a'>CBMR digest</subfield>
        <subfield code='h'>[serial].</subfield>
      </datafield>
      <datafield ind1='1' ind2='0' tag='246'>
        <subfield code='a'>Center for Black Music Research digest</subfield>
      </datafield>
      <datafield ind1='2' ind2='3' tag='246'>
        <subfield code='a'>Center for Black Music Research digest</subfield>
      </datafield>
      <datafield ind1=' ' ind2=' ' tag='260'>
        <subfield code='a'>Chicago :</subfield>
        <subfield code='b'>Center for Black Music Research, Columbia College,</subfield>
        <subfield code='c'>[c1988-</subfield>
      </datafield>
      <datafield ind1=' ' ind2=' ' tag='300'>
        <subfield code='a'>v. :</subfield>
        <subfield code='b'>ill. ;</subfield>
        <subfield code='c'>28 cm.</subfield>
      </datafield>
      <datafield ind1=' ' ind2=' ' tag='310'>
        <subfield code='a'>Semiannual</subfield>
      </datafield>
      <datafield ind1='0' ind2=' ' tag='362'>
        <subfield code='a'>Vol. 1, no. 1 (summer 1988)-</subfield>
      </datafield>
      <datafield ind1=' ' ind2=' ' tag='500'>
        <subfield code='a'>Title from caption.</subfield>
      </datafield>
      <datafield ind1=' ' ind2='0' tag='650'>
        <subfield code='a'>African Americans</subfield>
        <subfield code='x'>Music</subfield>
        <subfield code='x'>History and criticism</subfield>
        <subfield code='v'>Periodicals.</subfield>
      </datafield>
      <datafield ind1=' ' ind2='0' tag='650'>
        <subfield code='a'>Music</subfield>
        <subfield code='z'>United States</subfield>
        <subfield code='x'>History and criticism</subfield>
        <subfield code='v'>Periodicals.</subfield>
      </datafield>
      <datafield ind1=' ' ind2='0' tag='650'>
        <subfield code='a'>African American musicians</subfield>
        <subfield code='v'>Periodicals.</subfield>
      </datafield>
      <datafield ind1='2' ind2=' ' tag='710'>
        <subfield code='a'>Columbia College (Chicago, Ill.).</subfield>
        <subfield code='b'>Center for Black Music Research.</subfield>
      </datafield>
      <datafield ind1='0' ind2='0' tag='780'>
        <subfield code='t'>Inside CBMR</subfield>
        <subfield code='w'>(DLC)  88647669</subfield>
        <subfield code='w'>(OCoLC)17943805</subfield>
      </datafield>
      <datafield ind1='0' ind2='1' tag='780'>
        <subfield code='t'>Black music research newsletter</subfield>
        <subfield code='x'>0271-3799</subfield>
        <subfield code='w'>(DLC)  90642601</subfield>
      </datafield>
      <datafield ind1=' ' ind2=' ' tag='907'>
        <subfield code='a'>b3764427</subfield>
      </datafield>
      <datafield ind1='9' ind2='1' tag='999'>
        <subfield code='i'>i7744342</subfield>
        <subfield code='l'>mmda</subfield>
        <subfield code='s'>o</subfield>
        <subfield code='t'>3</subfield>
        <subfield code='c'>1</subfield>
        <subfield code='o'>0</subfield>
        <subfield code='b'>00034448731</subfield>
        <subfield code='p'>099</subfield>
        <subfield code='q'>|aPER</subfield>
        <subfield code='v'>v.1-9(1988-1996)</subfield>
      </datafield>
      <datafield ind1='9' ind2='1' tag='999'>
        <subfield code='i'>i5230675</subfield>
        <subfield code='l'>mmda</subfield>
        <subfield code='s'>o</subfield>
        <subfield code='t'>3</subfield>
        <subfield code='c'>1</subfield>
        <subfield code='o'>0</subfield>
        <subfield code='b'>00034448722</subfield>
        <subfield code='p'>099</subfield>
        <subfield code='q'>|aPER</subfield>
        <subfield code='v'>v.10-13(1997-2000)</subfield>
      </datafield>
      <datafield ind1='9' ind2='1' tag='999'>
        <subfield code='i'>i7744340</subfield>
        <subfield code='l'>mmda</subfield>
        <subfield code='s'>o</subfield>
        <subfield code='t'>3</subfield>
        <subfield code='c'>1</subfield>
        <subfield code='o'>1</subfield>
        <subfield code='b'>00034448740</subfield>
        <subfield code='p'>099</subfield>
        <subfield code='q'>|aPER</subfield>
        <subfield code='v'>v.14-20(2001-2007)</subfield>
      </datafield>
      <datafield ind1='9' ind2='1' tag='999'>
        <subfield code='i'>i10362005</subfield>
        <subfield code='l'>mmda</subfield>
        <subfield code='s'>o</subfield>
        <subfield code='t'>3</subfield>
        <subfield code='c'>1</subfield>
        <subfield code='o'>1</subfield>
        <subfield code='b'>00041888706</subfield>
        <subfield code='p'>099</subfield>
        <subfield code='q'>|aPER</subfield>
        <subfield code='v'>v.21-22:no.1(2008-2009)</subfield>
      </datafield>
      <datafield ind1='9' ind2='2' tag='999'>
        <subfield code='a'>c2793150</subfield>
        <subfield code='b'>mmda</subfield>
        <subfield code='c'>1</subfield>
      </datafield>
      <datafield ind1='9' ind2='3' tag='999'>
        <subfield code='0'>c2793150</subfield>
        <subfield code='2'>852</subfield>
        <subfield code='3'>c</subfield>
        <subfield code='h'>PER</subfield>
      </datafield>
      <datafield ind1='9' ind2='3' tag='999'>
        <subfield code='0'>c2793150</subfield>
        <subfield code='2'>853</subfield>
        <subfield code='3'>y</subfield>
        <subfield code='8'>1</subfield>
        <subfield code='a'>v.</subfield>
        <subfield code='i'>(year)</subfield>
      </datafield>
      <datafield ind1='9' ind2='3' tag='999'>
        <subfield code='0'>c2793150</subfield>
        <subfield code='2'>863</subfield>
        <subfield code='3'>h</subfield>
        <subfield code='8'>1.1</subfield>
        <subfield code='a'>5-22</subfield>
        <subfield code='i'>1992-2009</subfield>
      </datafield>
      <datafield ind1='9' ind2='3' tag='999'>
        <subfield code='0'>c2793150</subfield>
        <subfield code='2'>866</subfield>
        <subfield code='3'>h</subfield>
        <subfield code='8'>1</subfield>
        <subfield code='a'>v.5(1992)-v.22(2009)</subfield>
      </datafield>
  </record>