
  <record>
    <leader>00000cam  2200265Ia 4500</leader>
      <controlfield tag='008'>770914s1809    pau      b    001 0 eng  </controlfield>
      <controlfield tag='001'>3262962</controlfield>
      <controlfield tag='005'>19970505084412.0</controlfield>
      <datafield ind1=' ' ind2=' ' tag='010'>
        <subfield code='a'>06020530</subfield>
      </datafield>
      <datafield ind1=' ' ind2=' ' tag='040'>
        <subfield code='a'>DLC</subfield>
        <subfield code='c'>SOI</subfield>
        <subfield code='d'>NDO</subfield>
      </datafield>
      <datafield ind1='1' ind2=' ' tag='041'>
        <subfield code='a'>eng</subfield>
        <subfield code='h'>lat</subfield>
      </datafield>
      <datafield ind1='0' ind2=' ' tag='050'>
        <subfield code='a'>JX4410</subfield>
        <subfield code='b'>.R7</subfield>
      </datafield>
      <datafield ind1='1' ind2=' ' tag='100'>
        <subfield code='a'>Rocco, Francesco,</subfield>
        <subfield code='d'>1605-1676.</subfield>
      </datafield>
      <datafield ind1='1' ind2='2' tag='245'>
        <subfield code='a'>A manual of maritime law :</subfield>
        <subfield code='b'>consisting of a treatise on ships and freight and a treatise on insurance /</subfield>
        <subfield code='c'>translated from the Latin of Roccus, with notes, by Joseph Reed Ingersoll.</subfield>
      </datafield>
      <datafield ind1=' ' ind2=' ' tag='260'>
        <subfield code='a'>Philadelphia :</subfield>
        <subfield code='b'>Hopkins and Earle,</subfield>
        <subfield code='c'>1809</subfield>
        <subfield code='e'>([Philadelphia] :</subfield>
        <subfield code='f'>Fry and Kammerer)</subfield>
      </datafield>
      <datafield ind1=' ' ind2=' ' tag='300'>
        <subfield code='a'>156, [8] p. ;</subfield>
        <subfield code='c'>22 cm.</subfield>
      </datafield>
      <datafield ind1=' ' ind2=' ' tag='504'>
        <subfield code='a'>Includes bibliographical references and index.</subfield>
      </datafield>
      <datafield ind1=' ' ind2='0' tag='650'>
        <subfield code='a'>Maritime law.</subfield>
      </datafield>
      <datafield ind1=' ' ind2='0' tag='650'>
        <subfield code='a'>Marine insurance.</subfield>
      </datafield>
      <datafield ind1='1' ind2=' ' tag='700'>
        <subfield code='a'>Ingersoll, Joseph R.</subfield>
        <subfield code='q'>(Joseph Reed),</subfield>
        <subfield code='d'>1786-1868.</subfield>
      </datafield>
      <datafield ind1=' ' ind2=' ' tag='907'>
        <subfield code='a'>b3009643</subfield>
      </datafield>
      <datafield ind1='9' ind2='1' tag='999'>
        <subfield code='i'>i4280147</subfield>
        <subfield code='l'>kwrbr</subfield>
        <subfield code='s'>o</subfield>
        <subfield code='t'>43</subfield>
        <subfield code='c'>1</subfield>
        <subfield code='o'>0</subfield>
        <subfield code='b'>L00238784W</subfield>
        <subfield code='p'>090</subfield>
        <subfield code='q'>|aK1226 .R7 1809</subfield>
      </datafield>
  </record>