
  <record>
    <leader>00000cam  2200193 i 4500</leader>
      <controlfield tag='008'>770524s1977    paua          001 0 eng  </controlfield>
      <controlfield tag='001'>3034463</controlfield>
      <controlfield tag='005'>19830804000000.0</controlfield>
      <datafield ind1=' ' ind2=' ' tag='010'>
        <subfield code='a'>77009506</subfield>
      </datafield>
      <datafield ind1=' ' ind2=' ' tag='020'>
        <subfield code='a'>0397503482</subfield>
      </datafield>
      <datafield ind1=' ' ind2=' ' tag='040'>
        <subfield code='a'>DLC</subfield>
        <subfield code='c'>DLC</subfield>
        <subfield code='d'>m.c.</subfield>
        <subfield code='d'>NOH</subfield>
      </datafield>
      <datafield ind1='0' ind2=' ' tag='050'>
        <subfield code='a'>RC683.5.E5</subfield>
        <subfield code='b'>R56 1977</subfield>
      </datafield>
      <datafield ind1=' ' ind2=' ' tag='082'>
        <subfield code='a'>616.1/2/0754</subfield>
      </datafield>
      <datafield ind1='1' ind2=' ' tag='100'>
        <subfield code='a'>Ritota, Michael C.,</subfield>
        <subfield code='d'>1914-</subfield>
      </datafield>
      <datafield ind1='1' ind2='0' tag='245'>
        <subfield code='a'>Diagnostic electrocardiography /</subfield>
        <subfield code='c'>Michael C. Ritota.</subfield>
      </datafield>
      <datafield ind1=' ' ind2=' ' tag='250'>
        <subfield code='a'>2d ed.</subfield>
      </datafield>
      <datafield ind1=' ' ind2=' ' tag='260'>
        <subfield code='a'>Philadelphia :</subfield>
        <subfield code='b'>Lippincott,</subfield>
        <subfield code='c'>c1977.</subfield>
      </datafield>
      <datafield ind1=' ' ind2=' ' tag='300'>
        <subfield code='a'>xiii, 210 p. :</subfield>
        <subfield code='b'>ill. ;</subfield>
        <subfield code='c'>22 x 27 cm.</subfield>
      </datafield>
      <datafield ind1=' ' ind2='2' tag='650'>
        <subfield code='a'>Electrocardiography.</subfield>
      </datafield>
      <datafield ind1=' ' ind2=' ' tag='907'>
        <subfield code='a'>b1458779</subfield>
      </datafield>
      <datafield ind1='9' ind2='1' tag='999'>
        <subfield code='i'>i2043161</subfield>
        <subfield code='l'>nohh</subfield>
        <subfield code='s'>-</subfield>
        <subfield code='t'>0</subfield>
        <subfield code='c'>1</subfield>
        <subfield code='o'>0</subfield>
        <subfield code='b'>H00098268X</subfield>
        <subfield code='p'>096</subfield>
        <subfield code='q'>|aWG 140 R611 1977</subfield>
      </datafield>
  </record>