
  <record>
    <leader>00000cem  2200481La 4500</leader>
      <controlfield tag='006'>m        u</controlfield>
      <controlfield tag='008'>000807s1988    oku       e  ss 0   eng d</controlfield>
      <controlfield tag='007'>ad aanzn</controlfield>
      <controlfield tag='007'>cr cn</controlfield>
      <controlfield tag='001'>EHNL44961172</controlfield>
      <controlfield tag='005'>20020820074619.0</controlfield>
      <datafield ind1=' ' ind2=' ' tag='020'>
        <subfield code='a'>0585118221 (electronic bk.)</subfield>
      </datafield>
      <datafield ind1='1' ind2=' ' tag='034'>
        <subfield code='a'>a</subfield>
        <subfield code='b'>3500000</subfield>
      </datafield>
      <datafield ind1=' ' ind2=' ' tag='040'>
        <subfield code='a'>N$T</subfield>
        <subfield code='c'>N$T</subfield>
        <subfield code='d'>OCL</subfield>
        <subfield code='d'>OCLCQ</subfield>
      </datafield>
      <datafield ind1=' ' ind2=' ' tag='043'>
        <subfield code='a'>n-us-wa</subfield>
        <subfield code='a'>n-usp--</subfield>
      </datafield>
      <datafield ind1='1' ind2='4' tag='050'>
        <subfield code='a'>G1486.S1</subfield>
        <subfield code='b'>S3 1988eb</subfield>
      </datafield>
      <datafield ind1='0' ind2='4' tag='082'>
        <subfield code='a'>911/.797</subfield>
        <subfield code='2'>19</subfield>
      </datafield>
      <datafield ind1='1' ind2=' ' tag='100'>
        <subfield code='a'>Scott, James William,</subfield>
        <subfield code='d'>1925-</subfield>
      </datafield>
      <datafield ind1='1' ind2='0' tag='245'>
        <subfield code='a'>Historical atlas of Washington</subfield>
        <subfield code='h'>[electronic resource] /</subfield>
        <subfield code='c'>by James W. Scott and Roland L. De Lorme ; cartography by Ted R. Brandt and Patrick S. Grant.</subfield>
      </datafield>
      <datafield ind1=' ' ind2=' ' tag='250'>
        <subfield code='a'>1st ed.</subfield>
      </datafield>
      <datafield ind1=' ' ind2=' ' tag='255'>
        <subfield code='a'>Scale [ca. 1:3,500,000].</subfield>
      </datafield>
      <datafield ind1=' ' ind2=' ' tag='260'>
        <subfield code='a'>Norman :</subfield>
        <subfield code='b'>University of Oklahoma Press,</subfield>
        <subfield code='c'>c1988.</subfield>
      </datafield>
      <datafield ind1=' ' ind2=' ' tag='300'>
        <subfield code='a'>1 atlas (xxix, [180] p.) :</subfield>
        <subfield code='b'>ill., maps ;</subfield>
        <subfield code='c'>31 cm.</subfield>
      </datafield>
      <datafield ind1=' ' ind2=' ' tag='500'>
        <subfield code='a'>Includes index.</subfield>
      </datafield>
      <datafield ind1=' ' ind2=' ' tag='504'>
        <subfield code='a'>&quot;References&quot;: p. xi-xvii.</subfield>
      </datafield>
      <datafield ind1='1' ind2=' ' tag='506'>
        <subfield code='a'>Access limited to UNC Chapel Hill-authenticated users</subfield>
        <subfield code='f'>Limited to one (1) concurrent user</subfield>
      </datafield>
      <datafield ind1=' ' ind2='0' tag='651'>
        <subfield code='a'>Washington (State)</subfield>
        <subfield code='x'>Historical geography.</subfield>
      </datafield>
      <datafield ind1=' ' ind2='0' tag='651'>
        <subfield code='a'>Washington (State)</subfield>
        <subfield code='v'>Maps.</subfield>
      </datafield>
      <datafield ind1=' ' ind2='0' tag='651'>
        <subfield code='a'>Northwest, Pacific</subfield>
        <subfield code='x'>Historical geography.</subfield>
      </datafield>
      <datafield ind1=' ' ind2='0' tag='651'>
        <subfield code='a'>Northwest, Pacific</subfield>
        <subfield code='v'>Maps.</subfield>
      </datafield>
      <datafield ind1='1' ind2=' ' tag='700'>
        <subfield code='a'>De Lorme, Roland L.</subfield>
        <subfield code='q'>(Roland Lawrence),</subfield>
        <subfield code='d'>1937-</subfield>
      </datafield>
      <datafield ind1='1' ind2=' ' tag='700'>
        <subfield code='a'>Brandt, Ted R.,</subfield>
        <subfield code='d'>1954-</subfield>
      </datafield>
      <datafield ind1='1' ind2=' ' tag='700'>
        <subfield code='a'>Grant, Patrick S.</subfield>
        <subfield code='q'>(Patrick Stephen),</subfield>
        <subfield code='d'>1957-</subfield>
      </datafield>
      <datafield ind1='0' ind2=' ' tag='773'>
        <subfield code='t'>Ebscohost ebooks (online collection). Via NCLive</subfield>
      </datafield>
      <datafield ind1='1' ind2=' ' tag='776'>
        <subfield code='c'>Original</subfield>
        <subfield code='z'>0806121084</subfield>
        <subfield code='w'>(DLC)  87040557</subfield>
        <subfield code='w'>(OCoLC)17325892</subfield>
      </datafield>
      <datafield ind1='4' ind2='0' tag='856'>
        <subfield code='y'>Full text available via the UNC-Chapel Hill Libraries</subfield>
        <subfield code='u'>http://libproxy.lib.unc.edu/login?url=http://www.netLibrary.com/urlapi.asp?action=summary&amp;v=1&amp;bookid=15590</subfield>
      </datafield>
      <datafield ind1=' ' ind2=' ' tag='907'>
        <subfield code='a'>b4203183</subfield>
      </datafield>
  </record>