
  <record>
    <leader>00000cam a2200517Ia 4500</leader>
      <controlfield tag='006'>m     o  d</controlfield>
      <controlfield tag='007'>cr cn |||||||a</controlfield>
      <controlfield tag='008'>170130s2017    enkaf   ob    001 0 eng d</controlfield>
      <controlfield tag='001'>TFDDATF9781315517254</controlfield>
      <controlfield tag='003'>FlBoTFG</controlfield>
      <controlfield tag='005'>20170130182150.0</controlfield>
      <datafield ind1=' ' ind2=' ' tag='020'>
        <subfield code='a'>9781315517254</subfield>
        <subfield code='q'>e-book : PDF</subfield>
      </datafield>
      <datafield ind1=' ' ind2=' ' tag='020'>
        <subfield code='z'>9781138699250</subfield>
        <subfield code='q'>hardback</subfield>
        <subfield code='q'>print</subfield>
      </datafield>
      <datafield ind1=' ' ind2=' ' tag='035'>
        <subfield code='a'>(OCoLC)956953866</subfield>
      </datafield>
      <datafield ind1=' ' ind2=' ' tag='040'>
        <subfield code='a'>FlBoTFG</subfield>
        <subfield code='b'>eng</subfield>
        <subfield code='c'>FlBoTFG</subfield>
      </datafield>
      <datafield ind1=' ' ind2=' ' tag='043'>
        <subfield code='a'>n-us---</subfield>
      </datafield>
      <datafield ind1='1' ind2=' ' tag='100'>
        <subfield code='a'>Kabir, Nahid Afrose.</subfield>
      </datafield>
      <datafield ind1='1' ind2='0' tag='245'>
        <subfield code='a'>Muslim Americans</subfield>
        <subfield code='h'>[electronic resource] :</subfield>
        <subfield code='b'>Debating the notions of American and un-American /</subfield>
        <subfield code='c'>Nahid Afrose Kabir.</subfield>
      </datafield>
      <datafield ind1=' ' ind2=' ' tag='260'>
        <subfield code='a'>London ;</subfield>
        <subfield code='a'>New York, N.Y. :</subfield>
        <subfield code='b'>Routledge/Taylor &amp; Francis Group,</subfield>
        <subfield code='c'>2017.</subfield>
      </datafield>
      <datafield ind1=' ' ind2=' ' tag='300'>
        <subfield code='a'>1 online resource (xiv, 230 p., col. plates))) :</subfield>
        <subfield code='b'>ill. (some col.)</subfield>
      </datafield>
      <datafield ind1=' ' ind2=' ' tag='504'>
        <subfield code='a'>Includes bibliographical references and index.</subfield>
      </datafield>
      <datafield ind1='0' ind2=' ' tag='505'>
        <subfield code='a'>1. Introduction : the &apos;Muslim question&apos; continues -- 2. What does it mean to be an American or un-American? -- 3. Culture matters -- 4. Is the media &apos;un-American&apos;? -- 5. Modern-day McCarthyism -- 6. Conclusion : comprehending the present and looking into the future.</subfield>
      </datafield>
      <datafield ind1='1' ind2=' ' tag='506'>
        <subfield code='a'>Access limited to UNC Chapel Hill-authenticated users.</subfield>
        <subfield code='f'>Unlimited simultaneous users</subfield>
      </datafield>
      <datafield ind1=' ' ind2='0' tag='650'>
        <subfield code='a'>Ethnicity</subfield>
        <subfield code='x'>Political aspects</subfield>
        <subfield code='z'>United States.</subfield>
      </datafield>
      <datafield ind1=' ' ind2='0' tag='650'>
        <subfield code='a'>Ethnicity</subfield>
        <subfield code='x'>Social aspects</subfield>
        <subfield code='z'>United States.</subfield>
      </datafield>
      <datafield ind1=' ' ind2='0' tag='650'>
        <subfield code='a'>Islam and politics</subfield>
        <subfield code='z'>United States.</subfield>
      </datafield>
      <datafield ind1=' ' ind2='0' tag='650'>
        <subfield code='a'>Islam</subfield>
        <subfield code='x'>Social aspects</subfield>
        <subfield code='z'>United States.</subfield>
      </datafield>
      <datafield ind1=' ' ind2='0' tag='650'>
        <subfield code='a'>Muslims</subfield>
        <subfield code='x'>Cultural assimilation</subfield>
        <subfield code='z'>United States.</subfield>
      </datafield>
      <datafield ind1=' ' ind2='0' tag='650'>
        <subfield code='a'>Muslims</subfield>
        <subfield code='z'>United States</subfield>
        <subfield code='v'>Interviews.</subfield>
      </datafield>
      <datafield ind1=' ' ind2='0' tag='650'>
        <subfield code='a'>Muslims</subfield>
        <subfield code='z'>United States</subfield>
        <subfield code='x'>Ethnic identity.</subfield>
      </datafield>
      <datafield ind1=' ' ind2='0' tag='650'>
        <subfield code='a'>Muslims</subfield>
        <subfield code='z'>United States</subfield>
        <subfield code='x'>Social conditions.</subfield>
      </datafield>
      <datafield ind1=' ' ind2='0' tag='650'>
        <subfield code='a'>National characteristics, American</subfield>
        <subfield code='x'>Social aspects.</subfield>
      </datafield>
      <datafield ind1=' ' ind2='0' tag='651'>
        <subfield code='a'>United States</subfield>
        <subfield code='x'>Ethnic relations.</subfield>
      </datafield>
      <datafield ind1='0' ind2=' ' tag='773'>
        <subfield code='t'>Taylor &amp; Francis e-books (online collection). Evidence-based DDA. T&amp;F. Discovery</subfield>
      </datafield>
      <datafield ind1='1' ind2=' ' tag='776'>
        <subfield code='z'>9781138699250 (hardback)</subfield>
      </datafield>
      <datafield ind1=' ' ind2='0' tag='830'>
        <subfield code='a'>Routledge advances in sociology ;</subfield>
        <subfield code='v'>187.</subfield>
      </datafield>
      <datafield ind1='4' ind2='0' tag='856'>
        <subfield code='u'>http://libproxy.lib.unc.edu/login?url=http://www.tandfebooks.com/isbn/9781315517254</subfield>
        <subfield code='y'>Full text available via the UNC-Chapel Hill Libraries</subfield>
      </datafield>
      <datafield ind1=' ' ind2='1' tag='907'>
        <subfield code='a'>b8772629</subfield>
      </datafield>
  </record>