
  <record>
    <leader>00000cam a2200337La 4500</leader>
      <controlfield tag='008'>890323c19691713ctuaf   a     001 0 ger d</controlfield>
      <controlfield tag='007'>hduafb---baca</controlfield>
      <controlfield tag='001'>22567375</controlfield>
      <controlfield tag='005'>19960301151622.0</controlfield>
      <datafield ind1=' ' ind2=' ' tag='040'>
        <subfield code='a'>JHE</subfield>
        <subfield code='c'>JHE</subfield>
      </datafield>
      <datafield ind1='0' ind2=' ' tag='041'>
        <subfield code='a'>gerlat</subfield>
      </datafield>
      <datafield ind1='0' ind2='0' tag='245'>
        <subfield code='a'>Mala gallina, malum ovum, das ist, Wie die Alten sungen, so zwitzern die Jungen</subfield>
        <subfield code='h'>[microform] :</subfield>
        <subfield code='b'>im zweyten centi-folia hundert ausbündiger Närrínnen ... in hundert schönen Kupffern moralisch vorgestellt.</subfield>
      </datafield>
      <datafield ind1=' ' ind2=' ' tag='260'>
        <subfield code='a'>Wien :</subfield>
        <subfield code='b'>zu finden bey Johann Michael Christophori ;</subfield>
        <subfield code='a'>Nürnberg :</subfield>
        <subfield code='b'>bey Johann Christoph Wiegel :</subfield>
        <subfield code='b'>gedruckt bey Andreas Heyinger,</subfield>
        <subfield code='c'>1713.</subfield>
      </datafield>
      <datafield ind1=' ' ind2=' ' tag='300'>
        <subfield code='a'>[8], 452, [2] p., [101] leaves of plates :</subfield>
        <subfield code='b'>ill. ;</subfield>
        <subfield code='c'>22 cm.</subfield>
      </datafield>
      <datafield ind1=' ' ind2=' ' tag='500'>
        <subfield code='a'>German and Latin.</subfield>
      </datafield>
      <datafield ind1=' ' ind2=' ' tag='500'>
        <subfield code='a'>Descriptive letter-press, in verse and many prose passages by Abraham a Sancta Clara and others.</subfield>
      </datafield>
      <datafield ind1=' ' ind2=' ' tag='500'>
        <subfield code='a'>Includes index.</subfield>
      </datafield>
      <datafield ind1='4' ind2=' ' tag='510'>
        <subfield code='a'>Faber du Faur,</subfield>
        <subfield code='c'>no.1129.</subfield>
      </datafield>
      <datafield ind1=' ' ind2=' ' tag='533'>
        <subfield code='a'>Microfilm.</subfield>
        <subfield code='b'>New Haven :</subfield>
        <subfield code='c'>Research Publications,</subfield>
        <subfield code='d'>1969.</subfield>
        <subfield code='e'>1 microfilm reel ; 35 mm.</subfield>
        <subfield code='f'>(Yale University Library collection of German baroque literature ; reel 326, no.1129)</subfield>
      </datafield>
      <datafield ind1=' ' ind2='0' tag='650'>
        <subfield code='a'>Vices.</subfield>
      </datafield>
      <datafield ind1=' ' ind2='0' tag='650'>
        <subfield code='a'>Sermons, German.</subfield>
      </datafield>
      <datafield ind1='0' ind2=' ' tag='700'>
        <subfield code='a'>Abraham a Sancta Clara,</subfield>
        <subfield code='d'>1644-1709.</subfield>
      </datafield>
      <datafield ind1='2' ind2=' ' tag='710'>
        <subfield code='a'>Research Publications, inc.</subfield>
      </datafield>
      <datafield ind1='2' ind2=' ' tag='710'>
        <subfield code='a'>Yale University.</subfield>
        <subfield code='b'>Library.</subfield>
      </datafield>
      <datafield ind1='0' ind2=' ' tag='740'>
        <subfield code='a'>Mala gallina, malum ovum.</subfield>
      </datafield>
      <datafield ind1='0' ind2=' ' tag='740'>
        <subfield code='a'>Wie die Alten sungen, so zwitzern die Jungen.</subfield>
      </datafield>
      <datafield ind1=' ' ind2='0' tag='830'>
        <subfield code='a'>German baroque literature ;</subfield>
        <subfield code='v'>reel 326, no. 1129.</subfield>
      </datafield>
      <datafield ind1=' ' ind2=' ' tag='907'>
        <subfield code='a'>b2816383</subfield>
      </datafield>
      <datafield ind1='9' ind2='1' tag='999'>
        <subfield code='i'>i4044826</subfield>
        <subfield code='l'>dgdaa</subfield>
        <subfield code='s'>-</subfield>
        <subfield code='t'>28</subfield>
        <subfield code='c'>1</subfield>
        <subfield code='o'>0</subfield>
        <subfield code='b'>HAPA-8271-00001</subfield>
        <subfield code='p'>099</subfield>
        <subfield code='q'>|a1-605 reel 326, no.1129.</subfield>
      </datafield>
  </record>