
  <record>
    <leader>00000nem  2200565Ia 4500</leader>
      <controlfield tag='008'>040427s1890    nyu       a     1   eng d</controlfield>
      <controlfield tag='007'>aj canzn</controlfield>
      <controlfield tag='001'>55033325</controlfield>
      <controlfield tag='003'>OCoLC</controlfield>
      <controlfield tag='005'>20070917020214.0</controlfield>
      <datafield ind1='1' ind2=' ' tag='034'>
        <subfield code='a'>a</subfield>
        <subfield code='b'>600</subfield>
      </datafield>
      <datafield ind1=' ' ind2=' ' tag='035'>
        <subfield code='a'>(OCoLC)55033325</subfield>
      </datafield>
      <datafield ind1=' ' ind2=' ' tag='040'>
        <subfield code='a'>NOC</subfield>
        <subfield code='c'>NOC</subfield>
        <subfield code='d'>NOC</subfield>
      </datafield>
      <datafield ind1=' ' ind2=' ' tag='043'>
        <subfield code='a'>n-us-nc</subfield>
      </datafield>
      <datafield ind1=' ' ind2=' ' tag='049'>
        <subfield code='a'>[Map]NODB</subfield>
      </datafield>
      <datafield ind1=' ' ind2=' ' tag='052'>
        <subfield code='a'>3904</subfield>
        <subfield code='b'>C5</subfield>
      </datafield>
      <datafield ind1='2' ind2=' ' tag='110'>
        <subfield code='a'>Sanborn-Perris Map Co.</subfield>
      </datafield>
      <datafield ind1='1' ind2='0' tag='245'>
        <subfield code='a'>Charlotte, North Carolina, Mecklenburg County</subfield>
        <subfield code='h'>[cartographic material].</subfield>
      </datafield>
      <datafield ind1='3' ind2=' ' tag='246'>
        <subfield code='a'>Charlotte, Mecklenburg County, North Carolina</subfield>
      </datafield>
      <datafield ind1='1' ind2=' ' tag='246'>
        <subfield code='i'>Alternate title:</subfield>
        <subfield code='a'>June 1890, Charlotte, N.C.</subfield>
      </datafield>
      <datafield ind1=' ' ind2=' ' tag='255'>
        <subfield code='a'>Scale [1:600]. 50 ft. = 1 in.</subfield>
      </datafield>
      <datafield ind1=' ' ind2=' ' tag='260'>
        <subfield code='a'>New York :</subfield>
        <subfield code='b'>Sanborn-Perris Map Co.,</subfield>
        <subfield code='c'>1890.</subfield>
      </datafield>
      <datafield ind1=' ' ind2=' ' tag='300'>
        <subfield code='a'>1 map on 9 sheets :</subfield>
        <subfield code='b'>col. ;</subfield>
        <subfield code='c'>on sheets 64 x 54 cm.</subfield>
      </datafield>
      <datafield ind1=' ' ind2=' ' tag='500'>
        <subfield code='a'>Shows buildings, detailing their material composition and use.</subfield>
      </datafield>
      <datafield ind1=' ' ind2=' ' tag='500'>
        <subfield code='a'>Title from first sheet.</subfield>
      </datafield>
      <datafield ind1=' ' ind2=' ' tag='500'>
        <subfield code='a'>Includes notes and indexes.</subfield>
      </datafield>
      <datafield ind1=' ' ind2=' ' tag='500'>
        <subfield code='a'>&quot;9 sheets (3831)&quot;--Above title.</subfield>
      </datafield>
      <datafield ind1=' ' ind2=' ' tag='500'>
        <subfield code='a'>North-south orientation differs by sheet.</subfield>
      </datafield>
      <datafield ind1=' ' ind2='0' tag='650'>
        <subfield code='a'>Buildings</subfield>
        <subfield code='z'>North Carolina</subfield>
        <subfield code='z'>Charlotte</subfield>
        <subfield code='v'>Maps.</subfield>
      </datafield>
      <datafield ind1=' ' ind2='0' tag='650'>
        <subfield code='a'>Fire insurance</subfield>
        <subfield code='z'>North Carolina</subfield>
        <subfield code='z'>Charlotte</subfield>
        <subfield code='v'>Maps.</subfield>
      </datafield>
      <datafield ind1=' ' ind2='0' tag='650'>
        <subfield code='a'>Factories</subfield>
        <subfield code='z'>North Carolina</subfield>
        <subfield code='z'>Charlotte</subfield>
        <subfield code='v'>Maps.</subfield>
      </datafield>
      <datafield ind1=' ' ind2='0' tag='651'>
        <subfield code='a'>Charlotte (N.C.)</subfield>
        <subfield code='v'>Maps.</subfield>
      </datafield>
      <datafield ind1='4' ind2='1' tag='856'>
        <subfield code='u'>http://dc.lib.unc.edu/u?/ncmaps,1884</subfield>
        <subfield code='y'>Available via the UNC-Chapel Hill libraries</subfield>
      </datafield>
      <datafield ind1=' ' ind2=' ' tag='907'>
        <subfield code='a'>b4438393</subfield>
      </datafield>
      <datafield ind1='9' ind2='1' tag='999'>
        <subfield code='i'>i6914885</subfield>
        <subfield code='l'>wbdc</subfield>
        <subfield code='s'>o</subfield>
        <subfield code='t'>25</subfield>
        <subfield code='c'>1</subfield>
        <subfield code='o'>0</subfield>
        <subfield code='p'>099</subfield>
        <subfield code='q'>|aFFC912.60|aC47|a1890</subfield>
      </datafield>
      <datafield ind1='9' ind2='2' tag='999'>
        <subfield code='a'>c4684447</subfield>
        <subfield code='b'>wbdc</subfield>
        <subfield code='c'>0</subfield>
      </datafield>
      <datafield ind1='9' ind2='3' tag='999'>
        <subfield code='0'>c4684447</subfield>
        <subfield code='2'>852</subfield>
        <subfield code='3'>c</subfield>
        <subfield code='g'>Map</subfield>
        <subfield code='h'>FFC912.60</subfield>
        <subfield code='i'>C47</subfield>
        <subfield code='i'>1890</subfield>
      </datafield>
      <datafield ind1='9' ind2='3' tag='999'>
        <subfield code='0'>c4684447</subfield>
        <subfield code='2'>852</subfield>
        <subfield code='3'>e</subfield>
        <subfield code='t'>1</subfield>
        <subfield code='x'>jff</subfield>
      </datafield>
  </record>