
  <record>
    <leader>00000cam a22003614a 4500</leader>
      <controlfield tag='008'>040301s2003    ru       b    101 0 ruso </controlfield>
      <controlfield tag='001'>57209144</controlfield>
      <controlfield tag='005'>20050107133804.0</controlfield>
      <datafield ind1=' ' ind2=' ' tag='010'>
        <subfield code='a'>2004431474</subfield>
      </datafield>
      <datafield ind1=' ' ind2=' ' tag='020'>
        <subfield code='a'>5020285501</subfield>
      </datafield>
      <datafield ind1=' ' ind2=' ' tag='040'>
        <subfield code='a'>DLC</subfield>
        <subfield code='c'>DLC</subfield>
        <subfield code='d'>NOC</subfield>
      </datafield>
      <datafield ind1=' ' ind2=' ' tag='042'>
        <subfield code='a'>pcc</subfield>
      </datafield>
      <datafield ind1='0' ind2='0' tag='050'>
        <subfield code='a'>PG3363.Z9</subfield>
        <subfield code='b'>M49 2001</subfield>
      </datafield>
      <datafield ind1='2' ind2=' ' tag='111'>
        <subfield code='a'>Mezhdunarodnai͡a konferent͡sii͡a &quot;Tolstoĭ ili Dostoevskiĭ?: filosofsko-ėsteticheskie iskanii͡a v kulʹturakh Vostoka i Zapada&quot;</subfield>
        <subfield code='d'>(2001 :</subfield>
        <subfield code='c'>Saint Petersburg, Russia)</subfield>
      </datafield>
      <datafield ind1='1' ind2='0' tag='245'>
        <subfield code='a'>Tolstoĭ ili Dostoevskiĭ? :</subfield>
        <subfield code='b'>filosofsko-ėsteticheskie iskani︠i︡a v kulʹturakh Vostoka i Zapada : materialy Mezhdunarodnoĭ konferen︠t︡sii, 3-6 sent︠i︡abr︠i︡a 2001 goda /</subfield>
        <subfield code='c'>[redak︠t︡sionna︠i︡a kollegi︠i︡a: V.E. Bagno (predsedatelʹ) ... et al.].</subfield>
      </datafield>
      <datafield ind1=' ' ind2=' ' tag='260'>
        <subfield code='a'>Sankt-Peterburg :</subfield>
        <subfield code='b'>Nauka. Peterburgskoe otd-nie,</subfield>
        <subfield code='c'>2003.</subfield>
      </datafield>
      <datafield ind1=' ' ind2=' ' tag='300'>
        <subfield code='a'>251 p. ;</subfield>
        <subfield code='c'>23 cm.</subfield>
      </datafield>
      <datafield ind1=' ' ind2=' ' tag='504'>
        <subfield code='a'>Includes bibliographical references and index.</subfield>
      </datafield>
      <datafield ind1='1' ind2='0' tag='600'>
        <subfield code='a'>Tolstoy, Aleksey Konstantinovich,</subfield>
        <subfield code='c'>graf,</subfield>
        <subfield code='d'>1817-1875</subfield>
        <subfield code='x'>Appreciation</subfield>
        <subfield code='v'>Congresses.</subfield>
      </datafield>
      <datafield ind1='1' ind2='0' tag='600'>
        <subfield code='a'>Dostoyevsky, Fyodor,</subfield>
        <subfield code='d'>1821-1881</subfield>
        <subfield code='x'>Appreciation</subfield>
        <subfield code='v'>Congresses.</subfield>
      </datafield>
      <datafield ind1='1' ind2='0' tag='600'>
        <subfield code='a'>Tolstoy, Aleksey Konstantinovich,</subfield>
        <subfield code='c'>graf,</subfield>
        <subfield code='d'>1817-1875</subfield>
        <subfield code='x'>Aesthetics</subfield>
        <subfield code='v'>Congresses.</subfield>
      </datafield>
      <datafield ind1='1' ind2='0' tag='600'>
        <subfield code='a'>Dostoyevsky, Fyodor,</subfield>
        <subfield code='d'>1821-1881</subfield>
        <subfield code='x'>Aesthetics</subfield>
        <subfield code='v'>Congresses.</subfield>
      </datafield>
      <datafield ind1=' ' ind2='0' tag='650'>
        <subfield code='a'>East and West in literature</subfield>
        <subfield code='v'>Congresses.</subfield>
      </datafield>
      <datafield ind1=' ' ind2='0' tag='650'>
        <subfield code='a'>Literature</subfield>
        <subfield code='x'>Aesthetics</subfield>
        <subfield code='v'>Congresses.</subfield>
      </datafield>
      <datafield ind1='1' ind2=' ' tag='700'>
        <subfield code='a'>Bagno, V. E.</subfield>
        <subfield code='q'>(Vsevolod Evgenʹevich)</subfield>
      </datafield>
      <datafield ind1='2' ind2=' ' tag='710'>
        <subfield code='a'>Institut literatury (Pushkinskiĭ dom)</subfield>
      </datafield>
      <datafield ind1=' ' ind2=' ' tag='907'>
        <subfield code='a'>b4676076</subfield>
      </datafield>
      <datafield ind1='9' ind2='1' tag='999'>
        <subfield code='i'>i6145117</subfield>
        <subfield code='l'>ddda</subfield>
        <subfield code='s'>-</subfield>
        <subfield code='t'>0</subfield>
        <subfield code='c'>1</subfield>
        <subfield code='o'>0</subfield>
        <subfield code='b'>00024605713</subfield>
        <subfield code='p'>090</subfield>
        <subfield code='q'>|aPG3363.Z9 M49 2001</subfield>
      </datafield>
  </record>