
  <record>
    <leader>00000cam  22001578a 4500</leader>
      <controlfield tag='008'>810506s1981    nyu           000 1 eng  </controlfield>
      <controlfield tag='001'>7554938</controlfield>
      <controlfield tag='005'>19840723000000.0</controlfield>
      <datafield ind1=' ' ind2=' ' tag='010'>
        <subfield code='a'>81007796</subfield>
      </datafield>
      <datafield ind1=' ' ind2=' ' tag='040'>
        <subfield code='a'>DLC</subfield>
        <subfield code='c'>DLC</subfield>
        <subfield code='d'>NOC</subfield>
      </datafield>
      <datafield ind1='0' ind2=' ' tag='082'>
        <subfield code='a'>813/.54</subfield>
        <subfield code='2'>19</subfield>
      </datafield>
      <datafield ind1='1' ind2=' ' tag='100'>
        <subfield code='a'>Yates, Richard,</subfield>
        <subfield code='d'>1926-1992.</subfield>
      </datafield>
      <datafield ind1='1' ind2='0' tag='245'>
        <subfield code='a'>Liars in love :</subfield>
        <subfield code='b'>stories /</subfield>
        <subfield code='c'>by Richard Yates.</subfield>
      </datafield>
      <datafield ind1=' ' ind2=' ' tag='260'>
        <subfield code='a'>New York, N.Y. :</subfield>
        <subfield code='b'>Delacorte/S. Lawrence,</subfield>
        <subfield code='c'>1981.</subfield>
      </datafield>
      <datafield ind1=' ' ind2=' ' tag='300'>
        <subfield code='a'>272 p. ;</subfield>
        <subfield code='c'>22 cm.</subfield>
      </datafield>
      <datafield ind1='0' ind2=' ' tag='505'>
        <subfield code='a'>Oh, Joseph, I&apos;m so tired -- A natural girl -- Trying out for the race -- Liars in love -- A compassionate leave -- Regards at home -- Saying goodbye to Sally.</subfield>
      </datafield>
      <datafield ind1='0' ind2=' ' tag='740'>
        <subfield code='a'>Walker Percy Collection.</subfield>
      </datafield>
      <datafield ind1=' ' ind2=' ' tag='907'>
        <subfield code='a'>b1768900</subfield>
      </datafield>
      <datafield ind1='9' ind2='1' tag='999'>
        <subfield code='i'>i2546363</subfield>
        <subfield code='l'>ddda</subfield>
        <subfield code='s'>-</subfield>
        <subfield code='t'>0</subfield>
        <subfield code='c'>1</subfield>
        <subfield code='o'>6</subfield>
        <subfield code='b'>00000974734</subfield>
        <subfield code='p'>090</subfield>
        <subfield code='q'>|aPS3575.A83 L5</subfield>
      </datafield>
      <datafield ind1='9' ind2='1' tag='999'>
        <subfield code='i'>i2546364</subfield>
        <subfield code='l'>ddda</subfield>
        <subfield code='s'>-</subfield>
        <subfield code='t'>0</subfield>
        <subfield code='c'>2</subfield>
        <subfield code='o'>6</subfield>
        <subfield code='b'>00008599171</subfield>
        <subfield code='p'>090</subfield>
        <subfield code='q'>|aPS3575.A83 L5</subfield>
      </datafield>
      <datafield ind1='9' ind2='1' tag='999'>
        <subfield code='i'>i11074647</subfield>
        <subfield code='l'>wcps</subfield>
        <subfield code='s'>o</subfield>
        <subfield code='t'>0</subfield>
        <subfield code='c'>1</subfield>
        <subfield code='o'>0</subfield>
        <subfield code='b'>00047716836</subfield>
        <subfield code='p'>099</subfield>
        <subfield code='q'>|aPercy|a2594</subfield>
        <subfield code='n'>RBC Percy Library Copy: Hardbound; dust jacket. Copying is prohibited.</subfield>
      </datafield>
  </record>