
  <record>
    <leader>00000cam a2200313Ia 4500</leader>
      <controlfield tag='008'>840927s1876    sp            000 0 spa d</controlfield>
      <controlfield tag='001'>11201763</controlfield>
      <controlfield tag='005'>19840927000000.0</controlfield>
      <datafield ind1=' ' ind2=' ' tag='040'>
        <subfield code='a'>NOC</subfield>
        <subfield code='c'>NOC</subfield>
      </datafield>
      <datafield ind1='1' ind2=' ' tag='041'>
        <subfield code='a'>spa</subfield>
        <subfield code='h'>fre</subfield>
      </datafield>
      <datafield ind1='1' ind2=' ' tag='100'>
        <subfield code='a'>Bretón de los Herreros, Manuel,</subfield>
        <subfield code='d'>1796-1873.</subfield>
      </datafield>
      <datafield ind1='1' ind2='3' tag='245'>
        <subfield code='a'>La llave falsa, o, Los dos hijos :</subfield>
        <subfield code='b'>drama en tres actos /</subfield>
        <subfield code='c'>arreglado del francés por Manuel Bretón de los Herreros.</subfield>
      </datafield>
      <datafield ind1=' ' ind2=' ' tag='260'>
        <subfield code='a'>Madrid :</subfield>
        <subfield code='b'>Impr. de G. Alhambra,</subfield>
        <subfield code='c'>1876.</subfield>
      </datafield>
      <datafield ind1=' ' ind2=' ' tag='300'>
        <subfield code='a'>53 p. ;</subfield>
        <subfield code='c'>20 cm.</subfield>
      </datafield>
      <datafield ind1=' ' ind2=' ' tag='500'>
        <subfield code='a'>On cover: Biblioteca Dramática.</subfield>
      </datafield>
      <datafield ind1=' ' ind2=' ' tag='500'>
        <subfield code='a'>No. 14, in vol. 77 with binder&apos;s title: Teatro Español : serie A.</subfield>
      </datafield>
      <datafield ind1='3' ind2=' ' tag='740'>
        <subfield code='a'>La llave falsa.</subfield>
      </datafield>
      <datafield ind1='4' ind2=' ' tag='740'>
        <subfield code='a'>Los dos hijos.</subfield>
      </datafield>
      <datafield ind1='4' ind2='1' tag='856'>
        <subfield code='y'>Full text available via the UNC-Chapel Hill Libraries</subfield>
        <subfield code='u'>https://archive.org/details/lallavefalsaolos00bret</subfield>
      </datafield>
      <datafield ind1=' ' ind2=' ' tag='907'>
        <subfield code='a'>b1986577</subfield>
      </datafield>
      <datafield ind1='9' ind2='1' tag='999'>
        <subfield code='i'>i2874202</subfield>
        <subfield code='l'>wcda</subfield>
        <subfield code='s'>o</subfield>
        <subfield code='t'>0</subfield>
        <subfield code='c'>1</subfield>
        <subfield code='o'>0</subfield>
        <subfield code='b'>HAKB-1631-00001</subfield>
        <subfield code='p'>090</subfield>
        <subfield code='q'>|aPQ6217 .T44 v. 77, no. 14</subfield>
      </datafield>
      <datafield ind1='9' ind2='2' tag='999'>
        <subfield code='a'>c2212024</subfield>
        <subfield code='b'>wcda</subfield>
        <subfield code='c'>0</subfield>
      </datafield>
      <datafield ind1='9' ind2='3' tag='999'>
        <subfield code='0'>c2212024</subfield>
        <subfield code='2'>852</subfield>
        <subfield code='3'>c</subfield>
        <subfield code='b'>572211</subfield>
        <subfield code='h'>PQ6217</subfield>
        <subfield code='i'>.T44 v. 77, no. 14</subfield>
      </datafield>
      <datafield ind1='9' ind2='3' tag='999'>
        <subfield code='0'>c2212024</subfield>
        <subfield code='2'>852</subfield>
        <subfield code='3'>e</subfield>
        <subfield code='p'>HAKB-1631-00001</subfield>
        <subfield code='t'>1</subfield>
      </datafield>
  </record>