
  <record>
    <leader>00000nam a22003257a 4500</leader>
      <controlfield tag='008'>930913s1991    dcu     b    f000 0 eng d</controlfield>
      <controlfield tag='001'>28816328</controlfield>
      <controlfield tag='005'>19930913164540.0</controlfield>
      <datafield ind1=' ' ind2=' ' tag='035'>
        <subfield code='a'>(GPO)94061605</subfield>
      </datafield>
      <datafield ind1=' ' ind2=' ' tag='037'>
        <subfield code='a'>ED 341300</subfield>
        <subfield code='b'>ERIC</subfield>
      </datafield>
      <datafield ind1=' ' ind2=' ' tag='040'>
        <subfield code='a'>GPO</subfield>
        <subfield code='c'>GPO</subfield>
        <subfield code='d'>DLC</subfield>
      </datafield>
      <datafield ind1=' ' ind2=' ' tag='074'>
        <subfield code='a'>0466-A-03 (MF)</subfield>
      </datafield>
      <datafield ind1='0' ind2=' ' tag='086'>
        <subfield code='a'>ED 1.310/2:341300</subfield>
      </datafield>
      <datafield ind1='1' ind2=' ' tag='100'>
        <subfield code='a'>Creswell, John W.</subfield>
      </datafield>
      <datafield ind1='1' ind2='0' tag='245'>
        <subfield code='a'>Dimensions of balance in an administrator&apos;s life</subfield>
        <subfield code='h'>[microform] /</subfield>
        <subfield code='c'>by John W. Creswell, Bette J. Olson, and Jody Donovan.</subfield>
      </datafield>
      <datafield ind1=' ' ind2=' ' tag='260'>
        <subfield code='a'>[Washington, DC] :</subfield>
        <subfield code='b'>ERIC Clearinghouse on Higher Education,</subfield>
        <subfield code='c'>[1991]</subfield>
      </datafield>
      <datafield ind1=' ' ind2=' ' tag='300'>
        <subfield code='a'>1 v.</subfield>
      </datafield>
      <datafield ind1=' ' ind2=' ' tag='500'>
        <subfield code='a'>Distributed to depository libraries in microfiche.</subfield>
      </datafield>
      <datafield ind1=' ' ind2=' ' tag='500'>
        <subfield code='a'>Shipping list no.: 93-0437-M.</subfield>
      </datafield>
      <datafield ind1=' ' ind2=' ' tag='533'>
        <subfield code='a'>Microfiche.</subfield>
        <subfield code='b'>[Washington, D.C.] :</subfield>
        <subfield code='c'>Supt. of Docs., U.S. G.P.O.,</subfield>
        <subfield code='d'>[1993]</subfield>
        <subfield code='e'>1 microfiche.</subfield>
      </datafield>
      <datafield ind1=' ' ind2='0' tag='650'>
        <subfield code='a'>College administrators</subfield>
        <subfield code='x'>Time management</subfield>
        <subfield code='z'>United States.</subfield>
      </datafield>
      <datafield ind1=' ' ind2='0' tag='650'>
        <subfield code='a'>Psychology, Industrial</subfield>
        <subfield code='z'>United States.</subfield>
      </datafield>
      <datafield ind1='1' ind2=' ' tag='700'>
        <subfield code='a'>Olson, Bette J.</subfield>
      </datafield>
      <datafield ind1='1' ind2=' ' tag='700'>
        <subfield code='a'>Donovan, Jody.</subfield>
      </datafield>
      <datafield ind1='2' ind2=' ' tag='710'>
        <subfield code='a'>ERIC Clearinghouse on Higher Education.</subfield>
      </datafield>
      <datafield ind1=' ' ind2='0' tag='830'>
        <subfield code='a'>Administrator&apos;s update ;</subfield>
        <subfield code='v'>v. 8, no. 1-2.</subfield>
      </datafield>
      <datafield ind1=' ' ind2=' ' tag='907'>
        <subfield code='a'>b3474702</subfield>
      </datafield>
      <datafield ind1='9' ind2='1' tag='999'>
        <subfield code='i'>i4901361</subfield>
        <subfield code='l'>dcpfb</subfield>
        <subfield code='s'>-</subfield>
        <subfield code='t'>20</subfield>
        <subfield code='c'>1</subfield>
        <subfield code='o'>0</subfield>
        <subfield code='b'>HAZS-3295-00001</subfield>
        <subfield code='p'>086</subfield>
        <subfield code='q'>|aED 1.310/2:341300</subfield>
      </datafield>
  </record>