
  <record>
    <leader>00000cam a2200289Ia 4500</leader>
      <controlfield tag='008'>850829s1980    azu      b    000 0 eng d</controlfield>
      <controlfield tag='001'>9270459</controlfield>
      <controlfield tag='005'>19861217075903.1</controlfield>
      <datafield ind1=' ' ind2=' ' tag='040'>
        <subfield code='a'>JNA</subfield>
        <subfield code='c'>JNA</subfield>
        <subfield code='d'>NOH</subfield>
      </datafield>
      <datafield ind1=' ' ind2=' ' tag='043'>
        <subfield code='a'>n-us---</subfield>
      </datafield>
      <datafield ind1='0' ind2='0' tag='245'>
        <subfield code='a'>Women in medicine course /</subfield>
        <subfield code='c'>American Medical Women&apos;s Association, Professional Resources Research Center.</subfield>
      </datafield>
      <datafield ind1=' ' ind2=' ' tag='260'>
        <subfield code='a'>Tucson, Ariz. :</subfield>
        <subfield code='b'>American Medical Women&apos;s Association, Professional Resources Research Center ;</subfield>
        <subfield code='a'>Newton, Mass. :</subfield>
        <subfield code='b'>Education Development Center [distributor],</subfield>
        <subfield code='c'>1980.</subfield>
      </datafield>
      <datafield ind1=' ' ind2=' ' tag='300'>
        <subfield code='a'>v, 55 p. ;</subfield>
        <subfield code='c'>28 cm.</subfield>
      </datafield>
      <datafield ind1=' ' ind2=' ' tag='500'>
        <subfield code='a'>&quot;Workbook and resource manual&quot;--Cover.</subfield>
      </datafield>
      <datafield ind1=' ' ind2=' ' tag='500'>
        <subfield code='a'>&quot;Women&apos;s Educational Equity Act Program. U.S. Education Department.&quot;</subfield>
      </datafield>
      <datafield ind1=' ' ind2=' ' tag='504'>
        <subfield code='a'>Includes bibliographies.</subfield>
      </datafield>
      <datafield ind1=' ' ind2='0' tag='650'>
        <subfield code='a'>Women in medicine</subfield>
        <subfield code='z'>United States.</subfield>
      </datafield>
      <datafield ind1=' ' ind2='2' tag='650'>
        <subfield code='a'>Physicians, Women.</subfield>
      </datafield>
      <datafield ind1=' ' ind2='2' tag='651'>
        <subfield code='a'>United States.</subfield>
      </datafield>
      <datafield ind1='2' ind2=' ' tag='710'>
        <subfield code='a'>Professional Resources Research Center (American Medical Women&apos;s Association)</subfield>
      </datafield>
      <datafield ind1=' ' ind2='0' tag='830'>
        <subfield code='a'>Women in medical academia.</subfield>
      </datafield>
      <datafield ind1=' ' ind2=' ' tag='907'>
        <subfield code='a'>b1875747</subfield>
      </datafield>
      <datafield ind1='9' ind2='1' tag='999'>
        <subfield code='i'>i2713150</subfield>
        <subfield code='l'>nohh</subfield>
        <subfield code='s'>-</subfield>
        <subfield code='t'>0</subfield>
        <subfield code='c'>1</subfield>
        <subfield code='o'>0</subfield>
        <subfield code='b'>H00097062O</subfield>
        <subfield code='p'>096</subfield>
        <subfield code='q'>|aW 21 W8721 1980</subfield>
      </datafield>
  </record>