
  <record>
    <leader>00000cam  2200169I  4500</leader>
      <controlfield tag='008'>860306s1959    lau      b    000 0 eng  </controlfield>
      <controlfield tag='001'>1102312</controlfield>
      <controlfield tag='005'>19860306000000.0</controlfield>
      <datafield ind1=' ' ind2=' ' tag='010'>
        <subfield code='a'>59050906</subfield>
      </datafield>
      <datafield ind1=' ' ind2=' ' tag='040'>
        <subfield code='a'>DLC</subfield>
        <subfield code='c'>HCD</subfield>
        <subfield code='d'>OCL</subfield>
        <subfield code='d'>NOC</subfield>
      </datafield>
      <datafield ind1='1' ind2=' ' tag='100'>
        <subfield code='a'>Tisch, Joseph LeSage.</subfield>
      </datafield>
      <datafield ind1='1' ind2='0' tag='245'>
        <subfield code='a'>French in Louisiana;</subfield>
        <subfield code='b'>a study of the historical development of the French language of Louisiana.</subfield>
      </datafield>
      <datafield ind1=' ' ind2=' ' tag='260'>
        <subfield code='a'>New Orleans,</subfield>
        <subfield code='b'>A.F. Laborde</subfield>
        <subfield code='c'>[1959]</subfield>
      </datafield>
      <datafield ind1=' ' ind2=' ' tag='300'>
        <subfield code='a'>68p.</subfield>
        <subfield code='c'>21cm.</subfield>
      </datafield>
      <datafield ind1=' ' ind2=' ' tag='500'>
        <subfield code='a'>&quot;Dissertation, originally submitted for a master&apos;s degree in history to the faculty of Notre Dame Seminary in New Orleans.&quot;</subfield>
      </datafield>
      <datafield ind1=' ' ind2=' ' tag='504'>
        <subfield code='a'>Bibliography: p. 66-68.</subfield>
      </datafield>
      <datafield ind1=' ' ind2='0' tag='650'>
        <subfield code='a'>French language</subfield>
        <subfield code='z'>Louisiana.</subfield>
      </datafield>
      <datafield ind1=' ' ind2=' ' tag='907'>
        <subfield code='a'>b1236394</subfield>
      </datafield>
      <datafield ind1='9' ind2='1' tag='999'>
        <subfield code='i'>i1414013</subfield>
        <subfield code='l'>ddda</subfield>
        <subfield code='s'>-</subfield>
        <subfield code='t'>0</subfield>
        <subfield code='c'>1</subfield>
        <subfield code='o'>14</subfield>
        <subfield code='d'>20170824</subfield>
        <subfield code='b'>00003170730</subfield>
        <subfield code='p'>090</subfield>
        <subfield code='q'>|aPC3680.U7 L76</subfield>
      </datafield>
  </record>