
  <record>
    <leader>00000nam  2200265 a 4500</leader>
      <controlfield tag='008'>840801m19849999dcua         f000 0 eng d</controlfield>
      <controlfield tag='001'>11034967</controlfield>
      <datafield ind1=' ' ind2=' ' tag='035'>
        <subfield code='a'>(GPO)84020745</subfield>
      </datafield>
      <datafield ind1=' ' ind2=' ' tag='040'>
        <subfield code='a'>GPO</subfield>
        <subfield code='c'>GPO</subfield>
      </datafield>
      <datafield ind1=' ' ind2=' ' tag='074'>
        <subfield code='a'>329</subfield>
      </datafield>
      <datafield ind1='0' ind2=' ' tag='086'>
        <subfield code='a'>D 101.25:9-6625-1996-35</subfield>
      </datafield>
      <datafield ind1='0' ind2='0' tag='245'>
        <subfield code='a'>Calibration procedure for frequency counter Hewlett-Packard, models 5345A and 5345A/E28.</subfield>
      </datafield>
      <datafield ind1=' ' ind2=' ' tag='260'>
        <subfield code='a'>Washington, DC :</subfield>
        <subfield code='b'>Headquarters, Dept. of the Army,</subfield>
        <subfield code='c'>1984-</subfield>
      </datafield>
      <datafield ind1=' ' ind2=' ' tag='300'>
        <subfield code='a'>1 v. (loose-leaf) :</subfield>
        <subfield code='b'>ill. ;</subfield>
        <subfield code='c'>28 cm.</subfield>
      </datafield>
      <datafield ind1=' ' ind2=' ' tag='500'>
        <subfield code='a'>Caption title.</subfield>
      </datafield>
      <datafield ind1=' ' ind2=' ' tag='500'>
        <subfield code='a'>&quot;Supersedes TB 9-6625-1996-35, 29 August 1980, including all changes&quot;--P. 1.</subfield>
      </datafield>
      <datafield ind1=' ' ind2=' ' tag='500'>
        <subfield code='a'>&quot;18 May 1984.&quot;</subfield>
      </datafield>
      <datafield ind1=' ' ind2='0' tag='650'>
        <subfield code='a'>Frequency meters</subfield>
        <subfield code='x'>Calibration.</subfield>
      </datafield>
      <datafield ind1='1' ind2=' ' tag='710'>
        <subfield code='a'>United States.</subfield>
        <subfield code='b'>Department of the Army.</subfield>
      </datafield>
      <datafield ind1=' ' ind2='0' tag='830'>
        <subfield code='a'>Army TB ;</subfield>
        <subfield code='v'>9-6625-1996-35.</subfield>
      </datafield>
      <datafield ind1=' ' ind2=' ' tag='907'>
        <subfield code='a'>b3450749</subfield>
      </datafield>
      <datafield ind1='9' ind2='1' tag='999'>
        <subfield code='i'>i4877352</subfield>
        <subfield code='l'>dcpf</subfield>
        <subfield code='s'>-</subfield>
        <subfield code='t'>20</subfield>
        <subfield code='c'>1</subfield>
        <subfield code='o'>0</subfield>
        <subfield code='b'>HAZN-5082-00001</subfield>
        <subfield code='p'>086</subfield>
        <subfield code='q'>|aD 101.25:9-6625-1996-35</subfield>
      </datafield>
  </record>