
  <record>
    <leader>00000cam  2200157I  4500</leader>
      <controlfield tag='008'>920807s1967    ve            000 0 spa  </controlfield>
      <controlfield tag='001'>6610558</controlfield>
      <controlfield tag='005'>19920807000000.0</controlfield>
      <datafield ind1=' ' ind2=' ' tag='010'>
        <subfield code='a'>68074697</subfield>
      </datafield>
      <datafield ind1=' ' ind2=' ' tag='040'>
        <subfield code='a'>DLC</subfield>
        <subfield code='c'>BUF</subfield>
      </datafield>
      <datafield ind1='0' ind2=' ' tag='050'>
        <subfield code='a'>PQ8550.12.O7</subfield>
        <subfield code='b'>E7</subfield>
      </datafield>
      <datafield ind1='1' ind2=' ' tag='100'>
        <subfield code='a'>Borjas, Lilia.</subfield>
      </datafield>
      <datafield ind1='1' ind2='0' tag='245'>
        <subfield code='a'>Erguidos tallos.</subfield>
      </datafield>
      <datafield ind1=' ' ind2=' ' tag='260'>
        <subfield code='a'>Guatire [Venezuela]</subfield>
        <subfield code='b'>Casa de la Cultura del Estado Miranda, Dirección de Publicaciones,</subfield>
        <subfield code='c'>1967.</subfield>
      </datafield>
      <datafield ind1=' ' ind2=' ' tag='300'>
        <subfield code='a'>53 p.</subfield>
        <subfield code='c'>21 cm.</subfield>
      </datafield>
      <datafield ind1=' ' ind2=' ' tag='500'>
        <subfield code='a'>Poems.</subfield>
      </datafield>
      <datafield ind1=' ' ind2=' ' tag='907'>
        <subfield code='a'>b1712017</subfield>
      </datafield>
      <datafield ind1='9' ind2='1' tag='999'>
        <subfield code='i'>i2454104</subfield>
        <subfield code='l'>trln</subfield>
        <subfield code='s'>-</subfield>
        <subfield code='t'>0</subfield>
        <subfield code='c'>1</subfield>
        <subfield code='o'>0</subfield>
        <subfield code='b'>00039973966</subfield>
        <subfield code='p'>090</subfield>
        <subfield code='q'>|aPQ8550.12.O74 E7</subfield>
      </datafield>
  </record>