
  <record>
    <leader>00000cam  2200301 a 4500</leader>
      <controlfield tag='008'>980114s1997    sz a     b   i000 0 eng  </controlfield>
      <controlfield tag='001'>38856298</controlfield>
      <controlfield tag='005'>19990325114259.0</controlfield>
      <datafield ind1=' ' ind2=' ' tag='010'>
        <subfield code='a'>98104192</subfield>
      </datafield>
      <datafield ind1=' ' ind2=' ' tag='020'>
        <subfield code='a'>2831704049</subfield>
      </datafield>
      <datafield ind1=' ' ind2=' ' tag='040'>
        <subfield code='a'>DLC</subfield>
        <subfield code='c'>DLC</subfield>
        <subfield code='d'>NOC</subfield>
      </datafield>
      <datafield ind1='0' ind2='0' tag='050'>
        <subfield code='a'>QH75</subfield>
        <subfield code='b'>.S6733 1997</subfield>
      </datafield>
      <datafield ind1='0' ind2='0' tag='082'>
        <subfield code='a'>333.95/16</subfield>
        <subfield code='2'>21</subfield>
      </datafield>
      <datafield ind1='1' ind2=' ' tag='100'>
        <subfield code='a'>Stone, R. David.</subfield>
      </datafield>
      <datafield ind1='1' ind2='0' tag='245'>
        <subfield code='a'>Business and biodiversity :</subfield>
        <subfield code='b'>a guide for the private sector.</subfield>
      </datafield>
      <datafield ind1=' ' ind2=' ' tag='260'>
        <subfield code='a'>Geneva, Switzerland :</subfield>
        <subfield code='b'>World Business Council for Sustainable Development ;</subfield>
        <subfield code='a'>Gland, Switzerland :</subfield>
        <subfield code='b'>IUCN--the World Conservation Union,</subfield>
        <subfield code='c'>c1997.</subfield>
      </datafield>
      <datafield ind1=' ' ind2=' ' tag='300'>
        <subfield code='a'>64 p. :</subfield>
        <subfield code='b'>col. ill. ;</subfield>
        <subfield code='c'>24 cm.</subfield>
      </datafield>
      <datafield ind1=' ' ind2=' ' tag='500'>
        <subfield code='a'>&quot;This report was compiled for IUCN and WBCSD by: David Stone, Kristina Ringwood, Frank Vorhies&quot;--T.p. verso.</subfield>
      </datafield>
      <datafield ind1=' ' ind2=' ' tag='500'>
        <subfield code='a'>&quot;June 1997&quot;--T.p. verso.</subfield>
      </datafield>
      <datafield ind1=' ' ind2=' ' tag='504'>
        <subfield code='a'>Includes bibliographical references (p. 63).</subfield>
      </datafield>
      <datafield ind1=' ' ind2='0' tag='650'>
        <subfield code='a'>Biodiversity conservation.</subfield>
      </datafield>
      <datafield ind1=' ' ind2='0' tag='650'>
        <subfield code='a'>Biodiversity conservation</subfield>
        <subfield code='x'>Economic aspects.</subfield>
      </datafield>
      <datafield ind1=' ' ind2='0' tag='650'>
        <subfield code='a'>Sustainable development.</subfield>
      </datafield>
      <datafield ind1=' ' ind2='0' tag='650'>
        <subfield code='a'>Business.</subfield>
      </datafield>
      <datafield ind1='1' ind2=' ' tag='700'>
        <subfield code='a'>Ringwood, Kristina.</subfield>
      </datafield>
      <datafield ind1='1' ind2=' ' tag='700'>
        <subfield code='a'>Vorhies, Frank.</subfield>
      </datafield>
      <datafield ind1='2' ind2=' ' tag='710'>
        <subfield code='a'>World Business Council for Sustainable Development.</subfield>
      </datafield>
      <datafield ind1='2' ind2=' ' tag='710'>
        <subfield code='a'>International Union for Conservation of Nature and Natural Resources.</subfield>
      </datafield>
      <datafield ind1=' ' ind2=' ' tag='907'>
        <subfield code='a'>b3213338</subfield>
      </datafield>
      <datafield ind1='9' ind2='1' tag='999'>
        <subfield code='i'>i4564613</subfield>
        <subfield code='l'>ddda</subfield>
        <subfield code='s'>-</subfield>
        <subfield code='t'>0</subfield>
        <subfield code='c'>1</subfield>
        <subfield code='o'>0</subfield>
        <subfield code='b'>00016409478</subfield>
        <subfield code='p'>090</subfield>
        <subfield code='q'>|aQH75 .S6733 1997</subfield>
      </datafield>
  </record>