
  <record>
    <leader>00000cam a2200265I  4500</leader>
      <controlfield tag='008'>900130s1973    xx            000 0 rus  </controlfield>
      <controlfield tag='001'>1157322</controlfield>
      <controlfield tag='005'>19900130000000.0</controlfield>
      <datafield ind1=' ' ind2=' ' tag='010'>
        <subfield code='a'>74332383</subfield>
      </datafield>
      <datafield ind1=' ' ind2=' ' tag='040'>
        <subfield code='c'>DRB</subfield>
        <subfield code='d'>m.c.</subfield>
      </datafield>
      <datafield ind1='0' ind2=' ' tag='050'>
        <subfield code='a'>PG3470.P7</subfield>
        <subfield code='b'>S5 1973</subfield>
      </datafield>
      <datafield ind1='1' ind2=' ' tag='100'>
        <subfield code='a'>Prishvin, Mikhail Mikhaĭlovich,</subfield>
        <subfield code='d'>1873-1954.</subfield>
      </datafield>
      <datafield ind1='1' ind2='0' tag='245'>
        <subfield code='a'>Skazka o pravde.</subfield>
        <subfield code='c'>[Sost., avt. Predisl. i soprovodit. Teksta V.D. Prishvina. Il.: ︠I︡U Ivanov].</subfield>
      </datafield>
      <datafield ind1=' ' ind2=' ' tag='260'>
        <subfield code='a'>Moskva,</subfield>
        <subfield code='b'>&quot;Mol. gvardi︠i︡a,</subfield>
        <subfield code='c'>1973.</subfield>
      </datafield>
      <datafield ind1=' ' ind2=' ' tag='300'>
        <subfield code='a'>495 p.</subfield>
        <subfield code='b'>illus., port.</subfield>
        <subfield code='c'>20 cm.</subfield>
      </datafield>
      <datafield ind1=' ' ind2=' ' tag='500'>
        <subfield code='a'>In Cyrillic characters.</subfield>
      </datafield>
      <datafield ind1='1' ind2=' ' tag='700'>
        <subfield code='a'>Prishvina, Valerii͡a Dmitrievna.</subfield>
      </datafield>
      <datafield ind1=' ' ind2='0' tag='830'>
        <subfield code='a'>Tebe v dorogu, romantik.</subfield>
      </datafield>
      <datafield ind1=' ' ind2=' ' tag='907'>
        <subfield code='a'>b1244755</subfield>
      </datafield>
      <datafield ind1='9' ind2='1' tag='999'>
        <subfield code='i'>i1427963</subfield>
        <subfield code='l'>trln</subfield>
        <subfield code='s'>-</subfield>
        <subfield code='t'>0</subfield>
        <subfield code='c'>1</subfield>
        <subfield code='o'>0</subfield>
        <subfield code='b'>00034978533</subfield>
        <subfield code='p'>090</subfield>
        <subfield code='q'>|aPG3470.P7 S5 1973</subfield>
      </datafield>
  </record>