
  <record>
    <leader>00000cas a2200445 a 4500</leader>
      <controlfield tag='006'>m        d</controlfield>
      <controlfield tag='007'>cr  n</controlfield>
      <controlfield tag='008'>810316d18051805enkmr   s     0   a0eng c</controlfield>
      <controlfield tag='001'>ssj0060253</controlfield>
      <controlfield tag='003'>WaSeSS</controlfield>
      <controlfield tag='005'>20161207180229.0</controlfield>
      <datafield ind1=' ' ind2=' ' tag='010'>
        <subfield code='a'>sf 98092905</subfield>
        <subfield code='z'>sn 85021240</subfield>
      </datafield>
      <datafield ind1=' ' ind2=' ' tag='035'>
        <subfield code='z'>7230366</subfield>
      </datafield>
      <datafield ind1=' ' ind2=' ' tag='037'>
        <subfield code='b'>University Microfilms International, 300 N. Zeeb Rd., Ann Arbor, MI 48106</subfield>
      </datafield>
      <datafield ind1=' ' ind2=' ' tag='037'>
        <subfield code='a'>CL0038000020</subfield>
        <subfield code='b'>University Microfilms International</subfield>
      </datafield>
      <datafield ind1=' ' ind2=' ' tag='040'>
        <subfield code='a'>UMI</subfield>
        <subfield code='b'>eng</subfield>
        <subfield code='c'>UMI</subfield>
        <subfield code='d'>IUL</subfield>
        <subfield code='d'>OCL</subfield>
        <subfield code='d'>IUL</subfield>
        <subfield code='d'>NST</subfield>
        <subfield code='d'>CRL</subfield>
        <subfield code='d'>NST</subfield>
        <subfield code='d'>DLC</subfield>
        <subfield code='d'>OCLCQ</subfield>
        <subfield code='d'>WAU</subfield>
        <subfield code='d'>BUF</subfield>
        <subfield code='d'>OCLCQ</subfield>
        <subfield code='d'>OCLCF</subfield>
        <subfield code='d'>OCLCO</subfield>
        <subfield code='d'>OCL</subfield>
        <subfield code='d'>OCLCQ</subfield>
        <subfield code='d'>WaSeSS</subfield>
      </datafield>
      <datafield ind1=' ' ind2=' ' tag='042'>
        <subfield code='a'>pcc</subfield>
      </datafield>
      <datafield ind1=' ' ind2=' ' tag='043'>
        <subfield code='a'>e-uk---</subfield>
      </datafield>
      <datafield ind1='1' ind2='4' tag='050'>
        <subfield code='a'>PR1</subfield>
        <subfield code='b'>.I46</subfield>
      </datafield>
      <datafield ind1='0' ind2=' ' tag='130'>
        <subfield code='a'>Imperial review, or, London, Edinburgh, and Dublin literary journal (Online)</subfield>
      </datafield>
      <datafield ind1='1' ind2='4' tag='245'>
        <subfield code='a'>The Imperial review, or, London, Edinburgh, and Dublin literary journal</subfield>
        <subfield code='h'>[electronic resource].</subfield>
      </datafield>
      <datafield ind1='3' ind2='0' tag='246'>
        <subfield code='a'>London, Edinburgh, and Dublin literary journal</subfield>
      </datafield>
      <datafield ind1='3' ind2='0' tag='246'>
        <subfield code='a'>Imperial review</subfield>
      </datafield>
      <datafield ind1=' ' ind2=' ' tag='260'>
        <subfield code='a'>[Place of publication not identified] :</subfield>
        <subfield code='b'>[publisher not identified],</subfield>
        <subfield code='c'>[1805]</subfield>
      </datafield>
      <datafield ind1=' ' ind2=' ' tag='310'>
        <subfield code='a'>Monthly</subfield>
      </datafield>
      <datafield ind1='0' ind2=' ' tag='362'>
        <subfield code='a'>[Vol. 4] no. 13 (Jan. 1805)-[v. 5, no. 24] (Dec. 1805).</subfield>
      </datafield>
      <datafield ind1=' ' ind2=' ' tag='500'>
        <subfield code='a'>Title from caption.</subfield>
      </datafield>
      <datafield ind1=' ' ind2=' ' tag='550'>
        <subfield code='a'>Printed in London by Luke Hanford for T. Cadell and W. Davies.</subfield>
      </datafield>
      <datafield ind1=' ' ind2='7' tag='648'>
        <subfield code='a'>1800-1899</subfield>
        <subfield code='2'>fast</subfield>
      </datafield>
      <datafield ind1=' ' ind2='0' tag='650'>
        <subfield code='a'>English literature</subfield>
        <subfield code='y'>19th century</subfield>
        <subfield code='x'>History and criticism</subfield>
        <subfield code='v'>Periodicals.</subfield>
      </datafield>
      <datafield ind1=' ' ind2='7' tag='650'>
        <subfield code='a'>Civilization.</subfield>
        <subfield code='2'>fast</subfield>
        <subfield code='0'>(OCoLC)fst00862898</subfield>
      </datafield>
      <datafield ind1=' ' ind2='7' tag='650'>
        <subfield code='a'>English literature.</subfield>
        <subfield code='2'>fast</subfield>
        <subfield code='0'>(OCoLC)fst00911989</subfield>
      </datafield>
      <datafield ind1=' ' ind2='0' tag='651'>
        <subfield code='a'>Great Britain</subfield>
        <subfield code='x'>Civilization</subfield>
        <subfield code='v'>Periodicals.</subfield>
      </datafield>
      <datafield ind1=' ' ind2='7' tag='651'>
        <subfield code='a'>Great Britain.</subfield>
        <subfield code='2'>fast</subfield>
        <subfield code='0'>(OCoLC)fst01204623</subfield>
      </datafield>
      <datafield ind1=' ' ind2='0' tag='655'>
        <subfield code='a'>Electronic journals.</subfield>
      </datafield>
      <datafield ind1='0' ind2='0' tag='780'>
        <subfield code='t'>Imperial review, or, London and Dublin literary journal</subfield>
        <subfield code='w'>(DLC)sf 98092904</subfield>
        <subfield code='w'>(OCoLC)7233862</subfield>
      </datafield>
      <datafield ind1=' ' ind2='0' tag='830'>
        <subfield code='a'>English literary periodicals ;</subfield>
        <subfield code='v'>reel 866.</subfield>
      </datafield>
      <datafield ind1=' ' ind2=' ' tag='850'>
        <subfield code='a'>DLC</subfield>
        <subfield code='a'>ICRL</subfield>
        <subfield code='a'>InU</subfield>
        <subfield code='a'>NBuU</subfield>
        <subfield code='a'>NvU</subfield>
      </datafield>
      <datafield ind1='4' ind2='0' tag='856'>
        <subfield code='y'>Full text available via the UNC-Chapel Hill Libraries</subfield>
        <subfield code='u'>http://VB3LK7EB4T.search.serialssolutions.com/?V=1.0&amp;L=VB3LK7EB4T&amp;S=JCs&amp;C=THIROL&amp;T=marc</subfield>
        <subfield code='x'>British Periodicals Collection II</subfield>
      </datafield>
      <datafield ind1='4' ind2='0' tag='907'>
        <subfield code='a'>b6504951</subfield>
      </datafield>
  </record>