
  <record>
    <leader>00000cam  2200265Ia 4500</leader>
      <controlfield tag='008'>970709s1997    it            000 0 ita d</controlfield>
      <controlfield tag='001'>37269843</controlfield>
      <controlfield tag='005'>19980309154730.0</controlfield>
      <datafield ind1=' ' ind2=' ' tag='040'>
        <subfield code='a'>C3L</subfield>
        <subfield code='c'>C3L</subfield>
        <subfield code='d'>NOC</subfield>
      </datafield>
      <datafield ind1=' ' ind2=' ' tag='043'>
        <subfield code='a'>e-it---</subfield>
      </datafield>
      <datafield ind1=' ' ind2=' ' tag='045'>
        <subfield code='a'>x4x-</subfield>
      </datafield>
      <datafield ind1='1' ind2=' ' tag='100'>
        <subfield code='a'>Falcioni, Giovanna,</subfield>
        <subfield code='d'>1940-</subfield>
      </datafield>
      <datafield ind1='1' ind2='0' tag='245'>
        <subfield code='a'>Ricordi ancora il tempo delle favole /</subfield>
        <subfield code='c'>Giovanna Falcioni ; [prefazione di Antonino Caponnetto].</subfield>
      </datafield>
      <datafield ind1=' ' ind2=' ' tag='260'>
        <subfield code='a'>Pasian di Prato (Udine) :</subfield>
        <subfield code='b'>Campanotto,</subfield>
        <subfield code='c'>1997.</subfield>
      </datafield>
      <datafield ind1=' ' ind2=' ' tag='300'>
        <subfield code='a'>193 p. ;</subfield>
        <subfield code='c'>19 cm.</subfield>
      </datafield>
      <datafield ind1=' ' ind2=' ' tag='500'>
        <subfield code='a'>Collected writings.</subfield>
      </datafield>
      <datafield ind1=' ' ind2='0' tag='830'>
        <subfield code='a'>Zeta narrativa ;</subfield>
        <subfield code='v'>86.</subfield>
      </datafield>
      <datafield ind1=' ' ind2='0' tag='830'>
        <subfield code='a'>Prosa italiana contemporanea.</subfield>
      </datafield>
      <datafield ind1=' ' ind2=' ' tag='907'>
        <subfield code='a'>b3114514</subfield>
      </datafield>
      <datafield ind1='9' ind2='1' tag='999'>
        <subfield code='i'>i4421990</subfield>
        <subfield code='l'>ddda</subfield>
        <subfield code='s'>-</subfield>
        <subfield code='t'>0</subfield>
        <subfield code='c'>1</subfield>
        <subfield code='o'>2</subfield>
        <subfield code='b'>00014971195</subfield>
        <subfield code='p'>090</subfield>
        <subfield code='q'>|aPQ4866.A376 R5 1997</subfield>
      </datafield>
  </record>