
  <record>
    <leader>00000nam a2200577Ii 4500</leader>
      <controlfield tag='008'>140422s2014    cc ac    b    000 0cchi d</controlfield>
      <controlfield tag='001'>877863085</controlfield>
      <datafield ind1=' ' ind2=' ' tag='020'>
        <subfield code='a'>9787506068222 :</subfield>
        <subfield code='c'>RMBY49.80</subfield>
      </datafield>
      <datafield ind1=' ' ind2=' ' tag='020'>
        <subfield code='a'>7506068222 :</subfield>
        <subfield code='c'>RMBY49.80</subfield>
      </datafield>
      <datafield ind1=' ' ind2=' ' tag='035'>
        <subfield code='a'>(OCoLC)877863085</subfield>
      </datafield>
      <datafield ind1=' ' ind2=' ' tag='040'>
        <subfield code='a'>NOC</subfield>
        <subfield code='b'>eng</subfield>
        <subfield code='e'>rda</subfield>
        <subfield code='c'>NOC</subfield>
      </datafield>
      <datafield ind1=' ' ind2=' ' tag='043'>
        <subfield code='a'>a-cc---</subfield>
        <subfield code='a'>a-ch---</subfield>
      </datafield>
      <datafield ind1=' ' ind2=' ' tag='049'>
        <subfield code='a'>NOCC</subfield>
      </datafield>
      <datafield ind1=' ' ind2='4' tag='050'>
        <subfield code='a'>DS778.A1</subfield>
        <subfield code='b'>L52 2014</subfield>
      </datafield>
      <datafield ind1=' ' ind2=' ' tag='066'>
        <subfield code='c'>$1</subfield>
      </datafield>
      <datafield ind1='1' ind2=' ' tag='100'>
        <subfield code='6'>880-01</subfield>
        <subfield code='a'>Li, Wanqing,</subfield>
        <subfield code='e'>author.</subfield>
      </datafield>
      <datafield ind1='1' ind2='0' tag='245'>
        <subfield code='6'>880-02</subfield>
        <subfield code='a'>Da jie ju :</subfield>
        <subfield code='b'>39 wei Minguo da lao de hou ban sheng /</subfield>
        <subfield code='c'>Li Wanqing, Guo Qin bian zhu ; Ye Jianjun, Li Wanqing zhu bian.</subfield>
      </datafield>
      <datafield ind1='3' ind2='0' tag='246'>
        <subfield code='6'>880-03</subfield>
        <subfield code='a'>39 wei Minguo da lao de hou ban sheng</subfield>
      </datafield>
      <datafield ind1='1' ind2=' ' tag='246'>
        <subfield code='i'>Colophon title also in pinyin:</subfield>
        <subfield code='a'>Da jieju :</subfield>
        <subfield code='b'>39wei Minguo dalao de houbansheng</subfield>
      </datafield>
      <datafield ind1=' ' ind2=' ' tag='250'>
        <subfield code='6'>880-04</subfield>
        <subfield code='a'>Di 1 ban.</subfield>
      </datafield>
      <datafield ind1=' ' ind2='1' tag='264'>
        <subfield code='6'>880-05</subfield>
        <subfield code='a'>Beijing Shi :</subfield>
        <subfield code='b'>Dong fang chu ban she,</subfield>
        <subfield code='c'>2014.</subfield>
      </datafield>
      <datafield ind1=' ' ind2=' ' tag='300'>
        <subfield code='a'>9, 407 pages :</subfield>
        <subfield code='b'>illustrations, portraits ;</subfield>
        <subfield code='c'>23 cm</subfield>
      </datafield>
      <datafield ind1=' ' ind2=' ' tag='336'>
        <subfield code='a'>text</subfield>
        <subfield code='2'>rdacontent</subfield>
      </datafield>
      <datafield ind1=' ' ind2=' ' tag='337'>
        <subfield code='a'>unmediated</subfield>
        <subfield code='2'>rdamedia</subfield>
      </datafield>
      <datafield ind1=' ' ind2=' ' tag='338'>
        <subfield code='a'>volume</subfield>
        <subfield code='2'>rdacarrier</subfield>
      </datafield>
      <datafield ind1=' ' ind2=' ' tag='500'>
        <subfield code='6'>880-06</subfield>
        <subfield code='a'>&quot;Hao qing ji mo zi xiao piao ling.&quot;</subfield>
      </datafield>
      <datafield ind1=' ' ind2=' ' tag='504'>
        <subfield code='a'>Includes bibliographical references (pages [405]-407).</subfield>
      </datafield>
      <datafield ind1='2' ind2='0' tag='610'>
        <subfield code='6'>880-07</subfield>
        <subfield code='a'>Zhongguo guo min dang</subfield>
        <subfield code='v'>Biography.</subfield>
      </datafield>
      <datafield ind1=' ' ind2='0' tag='650'>
        <subfield code='a'>Statesmen</subfield>
        <subfield code='z'>China</subfield>
        <subfield code='v'>Biography.</subfield>
      </datafield>
      <datafield ind1=' ' ind2='0' tag='650'>
        <subfield code='a'>Generals</subfield>
        <subfield code='z'>China</subfield>
        <subfield code='v'>Biography.</subfield>
      </datafield>
      <datafield ind1=' ' ind2='0' tag='651'>
        <subfield code='a'>China</subfield>
        <subfield code='x'>History</subfield>
        <subfield code='y'>20th century</subfield>
        <subfield code='v'>Biography.</subfield>
      </datafield>
      <datafield ind1=' ' ind2='0' tag='651'>
        <subfield code='a'>Taiwan</subfield>
        <subfield code='x'>History</subfield>
        <subfield code='y'>1945-</subfield>
        <subfield code='v'>Biography.</subfield>
      </datafield>
      <datafield ind1='1' ind2=' ' tag='700'>
        <subfield code='6'>880-08</subfield>
        <subfield code='a'>Guo, Qin,</subfield>
        <subfield code='e'>author.</subfield>
      </datafield>
      <datafield ind1='1' ind2=' ' tag='700'>
        <subfield code='6'>880-09</subfield>
        <subfield code='a'>Ye, Jianjun,</subfield>
        <subfield code='e'>editor.</subfield>
      </datafield>
      <datafield ind1='2' ind2=' ' tag='791'>
        <subfield code='a'>T. Elbert Clemmons Collection for Oriental Studies.</subfield>
      </datafield>
      <datafield ind1='1' ind2=' ' tag='880'>
        <subfield code='6'>100-01/$1</subfield>
        <subfield code='a'>李万青,</subfield>
        <subfield code='e'>author.</subfield>
      </datafield>
      <datafield ind1='1' ind2='0' tag='880'>
        <subfield code='6'>245-02/$1</subfield>
        <subfield code='a'>大结局 :</subfield>
        <subfield code='b'>39位民国大佬的后半生 /</subfield>
        <subfield code='c'>李万青, 郭钦编著 ; 叶健君, 李万青主编.</subfield>
      </datafield>
      <datafield ind1='3' ind2='0' tag='880'>
        <subfield code='6'>246-03/$1</subfield>
        <subfield code='a'>39位民国大佬的后半生</subfield>
      </datafield>
      <datafield ind1=' ' ind2=' ' tag='880'>
        <subfield code='6'>250-04/$1</subfield>
        <subfield code='a'>第1版.</subfield>
      </datafield>
      <datafield ind1=' ' ind2='1' tag='880'>
        <subfield code='6'>264-05/$1</subfield>
        <subfield code='a'>北京市 :</subfield>
        <subfield code='b'>東方出版社,</subfield>
        <subfield code='c'>2014.</subfield>
      </datafield>
      <datafield ind1=' ' ind2=' ' tag='880'>
        <subfield code='6'>500-06/$1</subfield>
        <subfield code='a'>&quot;豪情寂寞自笑飘零.&quot;</subfield>
      </datafield>
      <datafield ind1='2' ind2='4' tag='880'>
        <subfield code='6'>610-07/$1</subfield>
        <subfield code='a'>中国国民党</subfield>
        <subfield code='v'>Biography.</subfield>
      </datafield>
      <datafield ind1='1' ind2=' ' tag='880'>
        <subfield code='6'>700-08/$1</subfield>
        <subfield code='a'>郭钦,</subfield>
        <subfield code='e'>author.</subfield>
      </datafield>
      <datafield ind1='1' ind2=' ' tag='880'>
        <subfield code='6'>700-09/$1</subfield>
        <subfield code='a'>叶健君,</subfield>
        <subfield code='e'>editor.</subfield>
      </datafield>
      <datafield ind1=' ' ind2=' ' tag='907'>
        <subfield code='a'>b7786491</subfield>
      </datafield>
      <datafield ind1='9' ind2='1' tag='999'>
        <subfield code='i'>i10408182</subfield>
        <subfield code='l'>ddda</subfield>
        <subfield code='s'>-</subfield>
        <subfield code='t'>0</subfield>
        <subfield code='c'>1</subfield>
        <subfield code='o'>2</subfield>
        <subfield code='b'>00040478223</subfield>
        <subfield code='p'>050</subfield>
        <subfield code='q'>|aDS778.A1|bL52 2014</subfield>
      </datafield>
  </record>