
  <record>
    <leader>00000cam a2200397   4500</leader>
      <controlfield tag='006'>m|||||o  d |</controlfield>
      <controlfield tag='008'>790703s1795    enk|||| o     00||||eng c</controlfield>
      <controlfield tag='007'>cr||n||||||||n</controlfield>
      <controlfield tag='001'>ESTCT43958</controlfield>
      <controlfield tag='003'>CU-RivES</controlfield>
      <controlfield tag='005'>20070917110000.0</controlfield>
      <datafield ind1=' ' ind2=' ' tag='035'>
        <subfield code='a'>(Uk-ES)006415897</subfield>
      </datafield>
      <datafield ind1=' ' ind2=' ' tag='040'>
        <subfield code='a'>Uk-ES</subfield>
        <subfield code='c'>Uk-ES</subfield>
        <subfield code='d'>CStRLIN</subfield>
        <subfield code='d'>CU-RivES</subfield>
        <subfield code='d'>Cengage Gale</subfield>
      </datafield>
      <datafield ind1='1' ind2=' ' tag='100'>
        <subfield code='a'>Pigott, Charles,</subfield>
        <subfield code='d'>-1794.</subfield>
      </datafield>
      <datafield ind1='1' ind2='2' tag='245'>
        <subfield code='a'>A political dictionary</subfield>
        <subfield code='h'>[electronic resource] :</subfield>
        <subfield code='b'>explaining the true meaning of words. Illustrated and exemplified in the lives, morals, character and conduct of the following most illustrious personages, among many others. The King, Queen, Prince of Wales, Duke of York, Pope Pius VI. Emperor, King of Prussia, the Tigress of Russia, Dukes of Brunswick, Portland, Richmond, Newcastle, Leeds. Earls Chatham, Fitzwilliam, Darlington, Spencer, Howe, Chesterfield. Lords Grenville, Mornington, Moira, Mountmorris, Mulgrave, Fitzgerald, Harvey. Judges Kenyon and Loughborough. Hon. Frank North. Sirs George Saville, Gilbert Elliot, Francis Molyneux, Watkin Lewes, Roger Curtis, Sydney Smythe, Francis Sykes, Richard Hill. Landgrave of Hesse Cassel, Madam Schwellenbergen. Messrs. Pitt, Fox, Burke, Dumourier, Warren Hastings, Wyndham, Powis, Dundas, Thornton, Wilberforce, Reeves, Arthur Young, George Hanger, Charles Jenkinson, Colonel Tarleton, Brook Watson. Aldermen Curtis, Anderson, Le Mesurier, Sanderson. Bishops and Clergy. Charles I. and Louis XVI. By the late Charles Pigott, Esq. Author of the Jockey Clubs, &amp;c. &amp;c.</subfield>
      </datafield>
      <datafield ind1=' ' ind2=' ' tag='260'>
        <subfield code='a'>London :</subfield>
        <subfield code='b'>printed for D. I. Eaton, No. 74. New Gate-Street,</subfield>
        <subfield code='c'>MDCCXCV. [1795]</subfield>
      </datafield>
      <datafield ind1=' ' ind2=' ' tag='300'>
        <subfield code='a'>[2],iv,175,[1]p. ;</subfield>
        <subfield code='c'>8⁰.</subfield>
      </datafield>
      <datafield ind1=' ' ind2=' ' tag='500'>
        <subfield code='a'>In this edition there is a preface.</subfield>
      </datafield>
      <datafield ind1=' ' ind2=' ' tag='500'>
        <subfield code='a'>Reproduction of original from British Library.</subfield>
      </datafield>
      <datafield ind1='1' ind2=' ' tag='506'>
        <subfield code='a'>Access limited to UNC Chapel Hill-authenticated users.</subfield>
        <subfield code='f'>Unlimited simultaneous users</subfield>
      </datafield>
      <datafield ind1='4' ind2=' ' tag='510'>
        <subfield code='a'>English Short Title Catalog,</subfield>
        <subfield code='c'>T43958.</subfield>
      </datafield>
      <datafield ind1=' ' ind2='0' tag='651'>
        <subfield code='a'>Great Britain</subfield>
        <subfield code='x'>Politics and government</subfield>
        <subfield code='y'>1760-1820.</subfield>
      </datafield>
      <datafield ind1=' ' ind2='0' tag='651'>
        <subfield code='a'>Great Britain</subfield>
        <subfield code='x'>Politics and government</subfield>
        <subfield code='v'>Humor.</subfield>
      </datafield>
      <datafield ind1=' ' ind2='0' tag='651'>
        <subfield code='a'>Great Britain</subfield>
        <subfield code='x'>Politics and government</subfield>
        <subfield code='v'>Dictionaries.</subfield>
      </datafield>
      <datafield ind1=' ' ind2='7' tag='655'>
        <subfield code='a'>Satire.</subfield>
        <subfield code='2'>lcgft</subfield>
      </datafield>
      <datafield ind1=' ' ind2=' ' tag='752'>
        <subfield code='a'>Great Britain</subfield>
        <subfield code='b'>England</subfield>
        <subfield code='d'>London.</subfield>
      </datafield>
      <datafield ind1='0' ind2=' ' tag='773'>
        <subfield code='t'>Eighteenth century collections online (online collection). Part 1</subfield>
      </datafield>
      <datafield ind1='4' ind2='0' tag='856'>
        <subfield code='u'>http://libproxy.lib.unc.edu/login?url=http://find.galegroup.com/ecco/infomark.do?contentSet=ECCOArticles&amp;docType=ECCOArticles&amp;bookId=0057403600&amp;type=getFullCitation&amp;tabID=T001&amp;prodId=ECCO&amp;docLevel=TEXT_GRAPHICS&amp;version=1.0&amp;source=library&amp;userGroupName=unc_main</subfield>
        <subfield code='y'>Full text available via the UNC-Chapel Hill Libraries</subfield>
        <subfield code='x'>ECCO electronic book</subfield>
      </datafield>
      <datafield ind1=' ' ind2='1' tag='907'>
        <subfield code='a'>b5001595</subfield>
      </datafield>
  </record>