
  <record>
    <leader>00000caa  2200241K  4500</leader>
      <controlfield tag='008'>      s1991    enk           000 00eng d</controlfield>
      <controlfield tag='001'>B-14051-3</controlfield>
      <datafield ind1=' ' ind2=' ' tag='019'>
        <subfield code='o'>B-14051-3</subfield>
      </datafield>
      <datafield ind1=' ' ind2=' ' tag='040'>
        <subfield code='a'>CPC</subfield>
        <subfield code='c'>CPC</subfield>
      </datafield>
      <datafield ind1='0' ind2='4' tag='245'>
        <subfield code='a'>The ECCO approach to planning sustainable development /</subfield>
        <subfield code='c'>J. King.</subfield>
      </datafield>
      <datafield ind1=' ' ind2=' ' tag='500'>
        <subfield code='a'>ADDED9205</subfield>
      </datafield>
      <datafield ind1=' ' ind2=' ' tag='504'>
        <subfield code='a'>References: p. 34-35.</subfield>
      </datafield>
      <datafield ind1='1' ind2=' ' tag='700'>
        <subfield code='a'>King, Jane.</subfield>
      </datafield>
      <datafield ind1='0' ind2=' ' tag='773'>
        <subfield code='t'>Modelling for population and sustainable development / Edited by A.J. Gilbert and L.C. Braat.</subfield>
        <subfield code='d'>London, Eng., Routledge, 1991,</subfield>
        <subfield code='g'>p. 18-35</subfield>
      </datafield>
      <datafield ind1=' ' ind2=' ' tag='907'>
        <subfield code='a'>b4712392</subfield>
      </datafield>
      <datafield ind1='9' ind2='1' tag='999'>
        <subfield code='i'>i6210247</subfield>
        <subfield code='l'>xccc</subfield>
        <subfield code='s'>-</subfield>
        <subfield code='t'>0</subfield>
        <subfield code='c'>1</subfield>
        <subfield code='o'>1</subfield>
        <subfield code='b'>CPC20011966</subfield>
        <subfield code='p'>090</subfield>
        <subfield code='q'>|aHB849.51 .M645</subfield>
      </datafield>
  </record>