
  <record>
    <leader>00000cam  2200277Ia 4500</leader>
      <controlfield tag='008'>960806r19971797enk           000 0 eng  </controlfield>
      <controlfield tag='001'>35223149</controlfield>
      <controlfield tag='005'>19970911131817.0</controlfield>
      <datafield ind1=' ' ind2=' ' tag='010'>
        <subfield code='a'>96035546</subfield>
      </datafield>
      <datafield ind1=' ' ind2=' ' tag='020'>
        <subfield code='a'>1854771973 (alk. paper)</subfield>
      </datafield>
      <datafield ind1=' ' ind2=' ' tag='040'>
        <subfield code='a'>DLC</subfield>
        <subfield code='c'>DLC</subfield>
        <subfield code='d'>PRC</subfield>
        <subfield code='d'>NOC</subfield>
      </datafield>
      <datafield ind1='0' ind2='0' tag='050'>
        <subfield code='a'>PR1219</subfield>
        <subfield code='b'>.C34 1997</subfield>
      </datafield>
      <datafield ind1='1' ind2=' ' tag='100'>
        <subfield code='a'>Coleridge, Samuel Taylor,</subfield>
        <subfield code='d'>1772-1834.</subfield>
      </datafield>
      <datafield ind1='0' ind2='0' tag='240'>
        <subfield code='a'>Poems.</subfield>
        <subfield code='k'>Selections</subfield>
      </datafield>
      <datafield ind1='1' ind2='0' tag='245'>
        <subfield code='a'>Poems /</subfield>
        <subfield code='c'>Samuel Taylor Coleridge, Charles Lamb, Charles Lloyd ; [introduction by Jonathan Wordsworth].</subfield>
      </datafield>
      <datafield ind1=' ' ind2=' ' tag='260'>
        <subfield code='a'>Poole, England :</subfield>
        <subfield code='b'>Woodstock Books,</subfield>
        <subfield code='c'>1997.</subfield>
      </datafield>
      <datafield ind1=' ' ind2=' ' tag='300'>
        <subfield code='a'>278 p. ;</subfield>
        <subfield code='c'>18 cm.</subfield>
      </datafield>
      <datafield ind1=' ' ind2=' ' tag='500'>
        <subfield code='a'>Originally published: 2nd ed. Bristol : Printed by N. Biggs for J. Cottle and Messrs. Robinsons, London, 1797.</subfield>
      </datafield>
      <datafield ind1=' ' ind2='0' tag='650'>
        <subfield code='a'>English poetry</subfield>
        <subfield code='y'>18th century.</subfield>
      </datafield>
      <datafield ind1='1' ind2=' ' tag='700'>
        <subfield code='a'>Lamb, Charles,</subfield>
        <subfield code='d'>1775-1834.</subfield>
      </datafield>
      <datafield ind1='1' ind2=' ' tag='700'>
        <subfield code='a'>Lloyd, Charles,</subfield>
        <subfield code='d'>1775-1839.</subfield>
      </datafield>
      <datafield ind1=' ' ind2='0' tag='830'>
        <subfield code='a'>Revolution and romanticism, 1789-1834.</subfield>
      </datafield>
      <datafield ind1=' ' ind2=' ' tag='907'>
        <subfield code='a'>b3057001</subfield>
      </datafield>
      <datafield ind1='9' ind2='1' tag='999'>
        <subfield code='i'>i4345182</subfield>
        <subfield code='l'>ddda</subfield>
        <subfield code='s'>-</subfield>
        <subfield code='t'>0</subfield>
        <subfield code='c'>1</subfield>
        <subfield code='o'>1</subfield>
        <subfield code='b'>00014280976</subfield>
        <subfield code='p'>090</subfield>
        <subfield code='q'>|aPR1219 .C34 1997</subfield>
      </datafield>
  </record>