
  <record>
    <leader>00000cam  22002411  4500</leader>
      <controlfield tag='008'>770516r19661962gw            000 0 ger  </controlfield>
      <controlfield tag='001'>3671034</controlfield>
      <controlfield tag='005'>20041012164606.0</controlfield>
      <datafield ind1=' ' ind2=' ' tag='010'>
        <subfield code='a'>76402368</subfield>
      </datafield>
      <datafield ind1=' ' ind2=' ' tag='015'>
        <subfield code='a'>GDB67-A8-221</subfield>
      </datafield>
      <datafield ind1=' ' ind2=' ' tag='040'>
        <subfield code='a'>DLC</subfield>
        <subfield code='c'>DLC</subfield>
        <subfield code='d'>NOC</subfield>
      </datafield>
      <datafield ind1='0' ind2=' ' tag='050'>
        <subfield code='a'>PT2625.E24</subfield>
        <subfield code='b'>N4 1966</subfield>
      </datafield>
      <datafield ind1='1' ind2=' ' tag='100'>
        <subfield code='a'>Mehring, Walter,</subfield>
        <subfield code='d'>1896-1981.</subfield>
      </datafield>
      <datafield ind1='1' ind2='0' tag='245'>
        <subfield code='a'>Neues Ketzerbrevier.</subfield>
        <subfield code='b'>Balladen und Songs.</subfield>
        <subfield code='c'>(Vom Autor durchgesehene und erg. Ausg.)</subfield>
      </datafield>
      <datafield ind1=' ' ind2=' ' tag='260'>
        <subfield code='a'>(München)</subfield>
        <subfield code='b'>Deutscher Taschenbuch Verlag</subfield>
        <subfield code='c'>(1966).</subfield>
      </datafield>
      <datafield ind1=' ' ind2=' ' tag='300'>
        <subfield code='a'>186 p.</subfield>
        <subfield code='c'>18 cm.</subfield>
      </datafield>
      <datafield ind1=' ' ind2=' ' tag='500'>
        <subfield code='a'>1962 ed. published under title: Das neue ketzerbrevier.</subfield>
      </datafield>
      <datafield ind1=' ' ind2='0' tag='830'>
        <subfield code='a'>DTV (Series) ;</subfield>
        <subfield code='v'>353.</subfield>
      </datafield>
      <datafield ind1=' ' ind2=' ' tag='907'>
        <subfield code='a'>b4536535</subfield>
      </datafield>
      <datafield ind1='9' ind2='1' tag='999'>
        <subfield code='i'>i6122364</subfield>
        <subfield code='l'>trln</subfield>
        <subfield code='s'>-</subfield>
        <subfield code='t'>0</subfield>
        <subfield code='c'>1</subfield>
        <subfield code='o'>0</subfield>
        <subfield code='b'>00050834604</subfield>
        <subfield code='p'>090</subfield>
        <subfield code='q'>|aPT2625.E24 N48 1966</subfield>
      </datafield>
  </record>