
  <record>
    <leader>00000nam a22002777a 4500</leader>
      <controlfield tag='008'>910826r19891989dcu     b    f000 0 eng d</controlfield>
      <controlfield tag='001'>24291984</controlfield>
      <controlfield tag='005'>19910826130023.0</controlfield>
      <datafield ind1=' ' ind2=' ' tag='035'>
        <subfield code='a'>(GPO)91085007</subfield>
      </datafield>
      <datafield ind1=' ' ind2=' ' tag='037'>
        <subfield code='a'>N 89-23503</subfield>
        <subfield code='b'>NASA</subfield>
      </datafield>
      <datafield ind1=' ' ind2=' ' tag='040'>
        <subfield code='a'>GPO</subfield>
        <subfield code='c'>GPO</subfield>
        <subfield code='d'>DLC</subfield>
      </datafield>
      <datafield ind1=' ' ind2=' ' tag='074'>
        <subfield code='a'>830-D (MF)</subfield>
      </datafield>
      <datafield ind1='0' ind2=' ' tag='086'>
        <subfield code='a'>NAS 1.15:100362</subfield>
      </datafield>
      <datafield ind1='0' ind2='0' tag='245'>
        <subfield code='a'>Space station CMIF extended duration metabolic control test final report</subfield>
        <subfield code='h'>[microform] /</subfield>
        <subfield code='c'>by Richard G. Schunk ... [et al.].</subfield>
      </datafield>
      <datafield ind1=' ' ind2=' ' tag='260'>
        <subfield code='a'>[Marshall Space Flight Center, Ala.] :</subfield>
        <subfield code='b'>National Aeronautics and Space Administration, George C. Marshall Space Flight Center,</subfield>
        <subfield code='c'>1989]</subfield>
      </datafield>
      <datafield ind1=' ' ind2=' ' tag='300'>
        <subfield code='a'>1 v.</subfield>
      </datafield>
      <datafield ind1=' ' ind2=' ' tag='500'>
        <subfield code='a'>Distributed to depository libraries in microfiche.</subfield>
      </datafield>
      <datafield ind1=' ' ind2=' ' tag='533'>
        <subfield code='a'>Microfiche.</subfield>
        <subfield code='b'>[Washington, D.C.? :</subfield>
        <subfield code='c'>National Aeronautics and Space Administration],</subfield>
        <subfield code='d'>1989.</subfield>
        <subfield code='e'>2 microfiches.</subfield>
      </datafield>
      <datafield ind1=' ' ind2='0' tag='650'>
        <subfield code='a'>Life support systems (Space environment)</subfield>
      </datafield>
      <datafield ind1='1' ind2=' ' tag='700'>
        <subfield code='a'>Schunk, Richard G.</subfield>
      </datafield>
      <datafield ind1='2' ind2=' ' tag='710'>
        <subfield code='a'>George C. Marshall Space Flight Center.</subfield>
      </datafield>
      <datafield ind1=' ' ind2='0' tag='830'>
        <subfield code='a'>NASA technical memorandum ;</subfield>
        <subfield code='v'>100362.</subfield>
      </datafield>
      <datafield ind1=' ' ind2=' ' tag='907'>
        <subfield code='a'>b3653210</subfield>
      </datafield>
      <datafield ind1='9' ind2='1' tag='999'>
        <subfield code='i'>i5096502</subfield>
        <subfield code='l'>dcpfb</subfield>
        <subfield code='s'>-</subfield>
        <subfield code='t'>20</subfield>
        <subfield code='c'>1</subfield>
        <subfield code='o'>0</subfield>
        <subfield code='b'>HBBG-7246-00001</subfield>
        <subfield code='p'>086</subfield>
        <subfield code='q'>|aNAS 1.15:100362</subfield>
      </datafield>
  </record>