
  <record>
    <leader>00000nas a22003012a 4500</leader>
      <controlfield tag='006'>m      o d</controlfield>
      <controlfield tag='007'>cr |n|||||||||</controlfield>
      <controlfield tag='008'>150214d19391942cc || ||o|||||0  |||chi|d</controlfield>
      <controlfield tag='001'>dacheng7013503</controlfield>
      <datafield ind1=' ' ind2=' ' tag='040'>
        <subfield code='a'>NOC</subfield>
        <subfield code='b'>eng</subfield>
        <subfield code='c'>NOC</subfield>
      </datafield>
      <datafield ind1='0' ind2=' ' tag='130'>
        <subfield code='6'>880-01</subfield>
        <subfield code='a'>Gong ye he zuo yue kan (Online)</subfield>
      </datafield>
      <datafield ind1='1' ind2='0' tag='245'>
        <subfield code='6'>880-02</subfield>
        <subfield code='a'>Gong ye he zuo yue kan</subfield>
        <subfield code='h'>[electronic resource].</subfield>
      </datafield>
      <datafield ind1=' ' ind2='1' tag='264'>
        <subfield code='6'>880-03</subfield>
        <subfield code='a'>Zhongqing :</subfield>
        <subfield code='b'>Zhongguo Gong Ye He Zuo Xie Hui Tui Jin Chu,</subfield>
        <subfield code='c'>1939-1942.</subfield>
      </datafield>
      <datafield ind1=' ' ind2=' ' tag='300'>
        <subfield code='a'>1 online resource</subfield>
      </datafield>
      <datafield ind1=' ' ind2=' ' tag='310'>
        <subfield code='6'>880-04</subfield>
        <subfield code='a'>yue kan</subfield>
      </datafield>
      <datafield ind1=' ' ind2=' ' tag='336'>
        <subfield code='a'>text</subfield>
        <subfield code='b'>txt</subfield>
        <subfield code='2'>rdacontent</subfield>
      </datafield>
      <datafield ind1=' ' ind2=' ' tag='337'>
        <subfield code='a'>computer</subfield>
        <subfield code='b'>c</subfield>
        <subfield code='2'>rdamedia</subfield>
      </datafield>
      <datafield ind1=' ' ind2=' ' tag='338'>
        <subfield code='a'>online resource</subfield>
        <subfield code='b'>cr</subfield>
        <subfield code='2'>rdacarrier</subfield>
      </datafield>
      <datafield ind1='1' ind2=' ' tag='506'>
        <subfield code='a'>Access limited to UNC Chapel Hill-authenticated users.</subfield>
        <subfield code='f'>Unlimited simultaneous users</subfield>
      </datafield>
      <datafield ind1=' ' ind2='0' tag='650'>
        <subfield code='a'>Chinese literature</subfield>
        <subfield code='y'>20th century</subfield>
        <subfield code='v'>Periodicals.</subfield>
      </datafield>
      <datafield ind1='0' ind2=' ' tag='773'>
        <subfield code='6'>880-05</subfield>
        <subfield code='t'>Dacheng Laojiukan Quanwen Shujuku (online collection)</subfield>
      </datafield>
      <datafield ind1='4' ind2='0' tag='856'>
        <subfield code='y'>Full text available via the UNC-Chapel Hill Libraries</subfield>
        <subfield code='u'>http://libproxy.lib.unc.edu/login?url=http://laokan.dachengdata.com/search/magazinfo.action?biaoshi=7013503</subfield>
      </datafield>
      <datafield ind1=' ' ind2=' ' tag='880'>
        <subfield code='6'>310-04</subfield>
        <subfield code='a'>月刊</subfield>
      </datafield>
      <datafield ind1=' ' ind2='1' tag='880'>
        <subfield code='6'>264-03</subfield>
        <subfield code='a'>重庆 :</subfield>
        <subfield code='b'>中国工业合作协会推进处,</subfield>
        <subfield code='c'>1939-1942</subfield>
      </datafield>
      <datafield ind1='1' ind2='0' tag='880'>
        <subfield code='6'>245-02</subfield>
        <subfield code='a'>工业合作月刊</subfield>
        <subfield code='h'>[electronic resource].</subfield>
      </datafield>
      <datafield ind1='0' ind2=' ' tag='880'>
        <subfield code='6'>773-05</subfield>
        <subfield code='a'>大成老旧刊全文数据库 (online collection)</subfield>
      </datafield>
      <datafield ind1='0' ind2=' ' tag='880'>
        <subfield code='6'>130-01</subfield>
        <subfield code='a'>工业合作月刊 (Online)</subfield>
      </datafield>
      <datafield ind1=' ' ind2='1' tag='907'>
        <subfield code='a'>b8223999</subfield>
      </datafield>
  </record>