
  <record>
    <leader>00000cam  2200253 a 4500</leader>
      <controlfield tag='008'>810211s1980    dcua     b   f000 0 eng d</controlfield>
      <controlfield tag='001'>7134639</controlfield>
      <datafield ind1=' ' ind2=' ' tag='035'>
        <subfield code='a'>(GPO)82024027</subfield>
      </datafield>
      <datafield ind1=' ' ind2=' ' tag='040'>
        <subfield code='a'>OLA</subfield>
        <subfield code='c'>OLA</subfield>
        <subfield code='d'>GPO</subfield>
      </datafield>
      <datafield ind1=' ' ind2=' ' tag='074'>
        <subfield code='a'>830-H-14 (MF)</subfield>
      </datafield>
      <datafield ind1='0' ind2=' ' tag='086'>
        <subfield code='a'>NAS 1.26:3291</subfield>
      </datafield>
      <datafield ind1='1' ind2=' ' tag='100'>
        <subfield code='a'>Norment, Hillyer G.</subfield>
      </datafield>
      <datafield ind1='1' ind2='0' tag='245'>
        <subfield code='a'>Calculation of water drop trajectories to and about arbitrary three-dimensional bodies in potential airflow /</subfield>
        <subfield code='c'>Hillyer G. Norment ; prepared for Lewis Research Center under contract NAS3-22199.</subfield>
      </datafield>
      <datafield ind1=' ' ind2=' ' tag='260'>
        <subfield code='a'>Washington, D.C. :</subfield>
        <subfield code='b'>National Aeronautics and Space Administration, Scientific and Technical Information Branch ;</subfield>
        <subfield code='a'>[Springfield, Va.] :</subfield>
        <subfield code='b'>For sale by the National Technical Information Service,</subfield>
        <subfield code='c'>1980.</subfield>
      </datafield>
      <datafield ind1=' ' ind2=' ' tag='300'>
        <subfield code='a'>v, 77 p. :</subfield>
        <subfield code='b'>ill. ;</subfield>
        <subfield code='c'>27 cm.</subfield>
      </datafield>
      <datafield ind1=' ' ind2=' ' tag='504'>
        <subfield code='a'>Includes bibliographical references.</subfield>
      </datafield>
      <datafield ind1=' ' ind2='0' tag='650'>
        <subfield code='a'>Fluid dynamics</subfield>
        <subfield code='x'>Computer programs.</subfield>
      </datafield>
      <datafield ind1=' ' ind2='0' tag='650'>
        <subfield code='a'>Aerodynamics</subfield>
        <subfield code='x'>Computer programs.</subfield>
      </datafield>
      <datafield ind1='2' ind2=' ' tag='710'>
        <subfield code='a'>Lewis Research Center.</subfield>
      </datafield>
      <datafield ind1='1' ind2=' ' tag='710'>
        <subfield code='a'>United States.</subfield>
        <subfield code='b'>National Aeronautics and Space Administration.</subfield>
        <subfield code='b'>Scientific and Technical Information Branch.</subfield>
      </datafield>
      <datafield ind1=' ' ind2='0' tag='830'>
        <subfield code='a'>NASA contractor report ;</subfield>
        <subfield code='v'>NASA CR-3291.</subfield>
      </datafield>
      <datafield ind1=' ' ind2=' ' tag='907'>
        <subfield code='a'>b3660914</subfield>
      </datafield>
      <datafield ind1='9' ind2='1' tag='999'>
        <subfield code='i'>i5104215</subfield>
        <subfield code='l'>dcpf</subfield>
        <subfield code='s'>-</subfield>
        <subfield code='t'>20</subfield>
        <subfield code='c'>1</subfield>
        <subfield code='o'>0</subfield>
        <subfield code='b'>HBBI-2672-00001</subfield>
        <subfield code='p'>086</subfield>
        <subfield code='q'>|aNAS 1.26:3291</subfield>
      </datafield>
  </record>