
  <record>
    <leader>00000cam  22002418a 4500</leader>
      <controlfield tag='008'>890609s1989    nju      b    001 0 eng  </controlfield>
      <controlfield tag='001'>18624135</controlfield>
      <controlfield tag='005'>19890609000000.0</controlfield>
      <datafield ind1=' ' ind2=' ' tag='010'>
        <subfield code='a'>88039842</subfield>
      </datafield>
      <datafield ind1=' ' ind2=' ' tag='020'>
        <subfield code='a'>0691047618 (alk. paper) :</subfield>
        <subfield code='c'>$25.00</subfield>
      </datafield>
      <datafield ind1=' ' ind2=' ' tag='020'>
        <subfield code='a'>0691006075 (pbk. : alk. paper) :</subfield>
        <subfield code='c'>$9.95</subfield>
      </datafield>
      <datafield ind1=' ' ind2=' ' tag='040'>
        <subfield code='a'>DLC</subfield>
        <subfield code='c'>DLC</subfield>
        <subfield code='d'>NOC</subfield>
      </datafield>
      <datafield ind1=' ' ind2=' ' tag='043'>
        <subfield code='a'>n-us---</subfield>
      </datafield>
      <datafield ind1='0' ind2=' ' tag='082'>
        <subfield code='a'>973.917</subfield>
        <subfield code='2'>19</subfield>
      </datafield>
      <datafield ind1='0' ind2='4' tag='245'>
        <subfield code='a'>The Rise and fall of the New Deal order, 1930-1980 /</subfield>
        <subfield code='c'>edited by Steve Fraser and Gary Gerstle.</subfield>
      </datafield>
      <datafield ind1=' ' ind2=' ' tag='260'>
        <subfield code='a'>Princeton, N.J. :</subfield>
        <subfield code='b'>Princeton University Press,</subfield>
        <subfield code='c'>c1989.</subfield>
      </datafield>
      <datafield ind1=' ' ind2=' ' tag='300'>
        <subfield code='a'>xxv, 311 p. ;</subfield>
        <subfield code='c'>24 cm.</subfield>
      </datafield>
      <datafield ind1=' ' ind2=' ' tag='504'>
        <subfield code='a'>Includes bibliographies and index.</subfield>
      </datafield>
      <datafield ind1=' ' ind2='0' tag='650'>
        <subfield code='a'>New Deal, 1933-1939.</subfield>
      </datafield>
      <datafield ind1=' ' ind2='0' tag='651'>
        <subfield code='a'>United States</subfield>
        <subfield code='x'>Politics and government</subfield>
        <subfield code='y'>1933-1945.</subfield>
      </datafield>
      <datafield ind1=' ' ind2='0' tag='651'>
        <subfield code='a'>United States</subfield>
        <subfield code='x'>Politics and government</subfield>
        <subfield code='y'>1945-1989.</subfield>
      </datafield>
      <datafield ind1='1' ind2=' ' tag='700'>
        <subfield code='a'>Fraser, Steve,</subfield>
        <subfield code='d'>1945-</subfield>
      </datafield>
      <datafield ind1='1' ind2=' ' tag='700'>
        <subfield code='a'>Gerstle, Gary,</subfield>
        <subfield code='d'>1954-</subfield>
      </datafield>
      <datafield ind1=' ' ind2=' ' tag='907'>
        <subfield code='a'>b2271237</subfield>
      </datafield>
      <datafield ind1='9' ind2='1' tag='999'>
        <subfield code='i'>i3270460</subfield>
        <subfield code='l'>ddda</subfield>
        <subfield code='s'>-</subfield>
        <subfield code='t'>0</subfield>
        <subfield code='c'>2</subfield>
        <subfield code='o'>61</subfield>
        <subfield code='d'>20171109</subfield>
        <subfield code='b'>00005820748</subfield>
        <subfield code='p'>090</subfield>
        <subfield code='q'>|aE806 .R57 1989</subfield>
      </datafield>
      <datafield ind1='9' ind2='1' tag='999'>
        <subfield code='i'>i3270459</subfield>
        <subfield code='l'>uada</subfield>
        <subfield code='s'>-</subfield>
        <subfield code='t'>0</subfield>
        <subfield code='c'>1</subfield>
        <subfield code='o'>70</subfield>
        <subfield code='b'>00005971745</subfield>
        <subfield code='p'>090</subfield>
        <subfield code='q'>|aE806 .R57 1989</subfield>
      </datafield>
  </record>