
  <record>
    <leader>00000cam a2200253I  4500</leader>
      <controlfield tag='008'>900426s1960    xx            000 0 eng d</controlfield>
      <controlfield tag='001'>183304</controlfield>
      <controlfield tag='005'>19900426000000.0</controlfield>
      <datafield ind1=' ' ind2=' ' tag='010'>
        <subfield code='a'>61000053</subfield>
      </datafield>
      <datafield ind1=' ' ind2=' ' tag='040'>
        <subfield code='c'>CSU</subfield>
      </datafield>
      <datafield ind1='1' ind2=' ' tag='100'>
        <subfield code='a'>Dor de la Souchère, Romuald.</subfield>
      </datafield>
      <datafield ind1='1' ind2='0' tag='245'>
        <subfield code='a'>Picasso in Antibes.</subfield>
        <subfield code='c'>Text by Dor de la Souchère. Photos by Marianne Greenwood.[Translated from the French by W.J. Strachan</subfield>
      </datafield>
      <datafield ind1=' ' ind2=' ' tag='250'>
        <subfield code='a'>1st ed.]</subfield>
      </datafield>
      <datafield ind1=' ' ind2=' ' tag='260'>
        <subfield code='a'>London,</subfield>
        <subfield code='b'>Lund,Humphries</subfield>
        <subfield code='c'>[1960]</subfield>
      </datafield>
      <datafield ind1=' ' ind2=' ' tag='300'>
        <subfield code='a'>57, [11] p.</subfield>
        <subfield code='b'>plates (part col.) port.</subfield>
        <subfield code='c'>25 x 31 cm.</subfield>
      </datafield>
      <datafield ind1=' ' ind2=' ' tag='500'>
        <subfield code='a'>&quot;Catalogue raisonné of the works of Picasso in the Musée d&apos;Antibes&quot;: p.57-[68]</subfield>
      </datafield>
      <datafield ind1='1' ind2='0' tag='600'>
        <subfield code='a'>Picasso, Pablo,</subfield>
        <subfield code='d'>1881-1973.</subfield>
      </datafield>
      <datafield ind1='2' ind2=' ' tag='710'>
        <subfield code='a'>Musée Picasso (Antibes, France)</subfield>
      </datafield>
      <datafield ind1=' ' ind2=' ' tag='907'>
        <subfield code='a'>b1046814</subfield>
      </datafield>
      <datafield ind1='9' ind2='1' tag='999'>
        <subfield code='i'>i1077101</subfield>
        <subfield code='l'>aada</subfield>
        <subfield code='s'>-</subfield>
        <subfield code='t'>0</subfield>
        <subfield code='c'>1</subfield>
        <subfield code='o'>5</subfield>
        <subfield code='b'>00006575422</subfield>
        <subfield code='p'>090</subfield>
        <subfield code='q'>|aN6853.P5 D63 1960</subfield>
      </datafield>
  </record>