
  <record>
    <leader>00000nam a2200385Ia 4500</leader>
      <controlfield tag='008'>080731s2006    dcu     bb   f000 0 eng d</controlfield>
      <controlfield tag='007'>he bmb024baca</controlfield>
      <controlfield tag='001'>237050418</controlfield>
      <controlfield tag='003'>OCoLC</controlfield>
      <controlfield tag='005'>20080731084144.0</controlfield>
      <datafield ind1=' ' ind2=' ' tag='035'>
        <subfield code='a'>(OCoLC)237050418</subfield>
      </datafield>
      <datafield ind1=' ' ind2=' ' tag='040'>
        <subfield code='a'>UP4</subfield>
        <subfield code='c'>UP4</subfield>
      </datafield>
      <datafield ind1=' ' ind2=' ' tag='043'>
        <subfield code='a'>n-us---</subfield>
      </datafield>
      <datafield ind1=' ' ind2=' ' tag='049'>
        <subfield code='a'>NDOB</subfield>
      </datafield>
      <datafield ind1='1' ind2=' ' tag='100'>
        <subfield code='a'>Medalia, Jonathan E.</subfield>
      </datafield>
      <datafield ind1='1' ind2='0' tag='245'>
        <subfield code='a'>Nuclear weapons</subfield>
        <subfield code='h'>[microform] :</subfield>
        <subfield code='b'>comprehensive test ban treaty /</subfield>
        <subfield code='c'>Jonathan Medalia.</subfield>
      </datafield>
      <datafield ind1=' ' ind2=' ' tag='260'>
        <subfield code='a'>[Washington, D.C.] :</subfield>
        <subfield code='b'>Congressional Research Service, Library of Congress,</subfield>
        <subfield code='c'>[2006]</subfield>
      </datafield>
      <datafield ind1=' ' ind2=' ' tag='300'>
        <subfield code='a'>16 p. ;</subfield>
        <subfield code='c'>28 cm.</subfield>
      </datafield>
      <datafield ind1=' ' ind2=' ' tag='500'>
        <subfield code='a'>Cover title.</subfield>
      </datafield>
      <datafield ind1=' ' ind2=' ' tag='500'>
        <subfield code='a'>&quot;Updated June 21, 2006.&quot;</subfield>
      </datafield>
      <datafield ind1=' ' ind2=' ' tag='504'>
        <subfield code='a'>Includes bibliographical references (p. 15-16).</subfield>
      </datafield>
      <datafield ind1=' ' ind2=' ' tag='533'>
        <subfield code='a'>Microfiche.</subfield>
        <subfield code='b'>Bethesda, Md. :</subfield>
        <subfield code='c'>University Publications of America.</subfield>
        <subfield code='d'>2006.</subfield>
        <subfield code='e'>1 microfiche : negative.</subfield>
        <subfield code='f'>(Major studies and issue briefs of the Congressional Research Service. 2006 supplement ; 06-IB-92099r).</subfield>
        <subfield code='7'>s2006    mdun b</subfield>
      </datafield>
      <datafield ind1='0' ind2='0' tag='630'>
        <subfield code='a'>Comprehensive Nuclear-Test-Ban Treaty</subfield>
        <subfield code='d'>(1996 September 10)</subfield>
      </datafield>
      <datafield ind1=' ' ind2='0' tag='650'>
        <subfield code='a'>Nuclear weapons</subfield>
        <subfield code='x'>Testing</subfield>
        <subfield code='x'>Law and legislation</subfield>
        <subfield code='z'>United States.</subfield>
      </datafield>
      <datafield ind1=' ' ind2='0' tag='650'>
        <subfield code='a'>Nuclear weapons (International law)</subfield>
      </datafield>
      <datafield ind1=' ' ind2='0' tag='650'>
        <subfield code='a'>Nuclear arms control</subfield>
        <subfield code='z'>United States.</subfield>
      </datafield>
      <datafield ind1='2' ind2=' ' tag='710'>
        <subfield code='a'>Library of Congress.</subfield>
        <subfield code='b'>Congressional Research Service.</subfield>
      </datafield>
      <datafield ind1=' ' ind2='0' tag='830'>
        <subfield code='a'>Major studies and issue briefs of the Congressional Research Service.</subfield>
        <subfield code='p'>Supplement ;</subfield>
        <subfield code='v'>2006, 06-IB-92099r.</subfield>
      </datafield>
      <datafield ind1=' ' ind2='0' tag='830'>
        <subfield code='a'>CRS issue brief ;</subfield>
        <subfield code='v'>IB92099r.</subfield>
      </datafield>
      <datafield ind1=' ' ind2=' ' tag='907'>
        <subfield code='a'>b5680202</subfield>
      </datafield>
      <datafield ind1='9' ind2='1' tag='999'>
        <subfield code='i'>i7445240</subfield>
        <subfield code='l'>knfc</subfield>
        <subfield code='s'>o</subfield>
        <subfield code='t'>27</subfield>
        <subfield code='c'>1</subfield>
        <subfield code='o'>0</subfield>
        <subfield code='p'>090</subfield>
        <subfield code='q'>|aJK1108|b.M35 Suppl. 2006 no. 06-IB-92099r</subfield>
      </datafield>
  </record>