
  <record>
    <leader>00000cam  2200169Ia 4500</leader>
      <controlfield tag='008'>990120s1998    enk           000 0 eng d</controlfield>
      <controlfield tag='001'>40647920</controlfield>
      <controlfield tag='005'>19990329174332.0</controlfield>
      <datafield ind1=' ' ind2=' ' tag='020'>
        <subfield code='a'>1857544013</subfield>
      </datafield>
      <datafield ind1=' ' ind2=' ' tag='040'>
        <subfield code='a'>BUF</subfield>
        <subfield code='c'>BUF</subfield>
        <subfield code='d'>NOC</subfield>
      </datafield>
      <datafield ind1='1' ind2=' ' tag='100'>
        <subfield code='a'>Clarke, Gillian,</subfield>
        <subfield code='d'>1937-</subfield>
      </datafield>
      <datafield ind1='1' ind2='0' tag='245'>
        <subfield code='a'>Five fields /</subfield>
        <subfield code='c'>Gillian Clarke.</subfield>
      </datafield>
      <datafield ind1=' ' ind2=' ' tag='260'>
        <subfield code='a'>Manchester :</subfield>
        <subfield code='b'>Carcanet,</subfield>
        <subfield code='c'>1998.</subfield>
      </datafield>
      <datafield ind1=' ' ind2=' ' tag='300'>
        <subfield code='a'>86 p. ;</subfield>
        <subfield code='c'>22 cm.</subfield>
      </datafield>
      <datafield ind1=' ' ind2=' ' tag='500'>
        <subfield code='a'>Poems.</subfield>
      </datafield>
      <datafield ind1=' ' ind2=' ' tag='907'>
        <subfield code='a'>b3214098</subfield>
      </datafield>
      <datafield ind1='9' ind2='1' tag='999'>
        <subfield code='i'>i4565581</subfield>
        <subfield code='l'>ddda</subfield>
        <subfield code='s'>-</subfield>
        <subfield code='t'>0</subfield>
        <subfield code='c'>1</subfield>
        <subfield code='o'>0</subfield>
        <subfield code='b'>00016404393</subfield>
        <subfield code='p'>090</subfield>
        <subfield code='q'>|aPR6053.L328 F58 1998</subfield>
      </datafield>
  </record>