
  <record>
    <leader>00000cam  2200229   4500</leader>
      <controlfield tag='008'>781208s1748    ie |||| a     00| ||eng d</controlfield>
      <controlfield tag='001'>M-ESTCT11385</controlfield>
      <controlfield tag='005'>20004628104635.0</controlfield>
      <datafield ind1=' ' ind2=' ' tag='040'>
        <subfield code='a'>Uk-ES</subfield>
        <subfield code='c'>Uk-ES</subfield>
        <subfield code='d'>CStRLIN</subfield>
        <subfield code='d'>ResP</subfield>
      </datafield>
      <datafield ind1='1' ind2=' ' tag='100'>
        <subfield code='a'>Chetwood, W. R.</subfield>
        <subfield code='q'>(William Rufus),</subfield>
        <subfield code='d'>-1766.</subfield>
      </datafield>
      <datafield ind1='1' ind2='0' tag='245'>
        <subfield code='a'>Kilkenny: or, the old man&apos;s wish. By W. R. Chetwood.</subfield>
      </datafield>
      <datafield ind1=' ' ind2=' ' tag='260'>
        <subfield code='a'>Dublin :</subfield>
        <subfield code='b'>printed for the author, and sold by G. Faulkner, G. and A. Ewing, and P. Wilson, and J. Esdall,</subfield>
        <subfield code='c'>1748.</subfield>
      </datafield>
      <datafield ind1=' ' ind2=' ' tag='300'>
        <subfield code='a'>20p. ;</subfield>
        <subfield code='c'>4̕.</subfield>
      </datafield>
      <datafield ind1=' ' ind2=' ' tag='500'>
        <subfield code='a'>Verse.</subfield>
      </datafield>
      <datafield ind1=' ' ind2=' ' tag='510'>
        <subfield code='a'>Foxon C142</subfield>
      </datafield>
      <datafield ind1=' ' ind2=' ' tag='533'>
        <subfield code='a'>Microfilm.</subfield>
        <subfield code='b'>Woodbridge, Conn. :</subfield>
        <subfield code='c'>Primary Source Microfilm, an imprint of Gale Group,</subfield>
        <subfield code='d'>2000.</subfield>
        <subfield code='e'>1 reel ; 35mm.</subfield>
        <subfield code='n'>Unit 310.</subfield>
        <subfield code='f'>(The Eighteenth Century ; reel 10843, no. 36).</subfield>
        <subfield code='7'>s2000    ctu  b</subfield>
      </datafield>
      <datafield ind1=' ' ind2='0' tag='830'>
        <subfield code='a'>Eighteenth century ;</subfield>
        <subfield code='v'>reel 10843, no. 36.</subfield>
      </datafield>
      <datafield ind1=' ' ind2=' ' tag='907'>
        <subfield code='a'>b4120522</subfield>
      </datafield>
      <datafield ind1='9' ind2='1' tag='999'>
        <subfield code='i'>i5657559</subfield>
        <subfield code='l'>dgdaa</subfield>
        <subfield code='s'>-</subfield>
        <subfield code='t'>28</subfield>
        <subfield code='c'>1</subfield>
        <subfield code='o'>0</subfield>
        <subfield code='b'>HBFR-6978-00001</subfield>
        <subfield code='p'>099</subfield>
        <subfield code='q'>|a1-2586 reel 10843, no. 36</subfield>
      </datafield>
  </record>