
  <record>
    <leader>00000nam a2200325Ia 4500</leader>
      <controlfield tag='008'>071218s1947    cu b     b    000 0 spa d</controlfield>
      <controlfield tag='001'>184843273</controlfield>
      <controlfield tag='003'>OCoLC</controlfield>
      <controlfield tag='005'>20071218123759.0</controlfield>
      <datafield ind1=' ' ind2=' ' tag='035'>
        <subfield code='a'>(OCoLC)184843273</subfield>
      </datafield>
      <datafield ind1=' ' ind2=' ' tag='040'>
        <subfield code='a'>NOC</subfield>
        <subfield code='c'>NOC</subfield>
      </datafield>
      <datafield ind1=' ' ind2=' ' tag='049'>
        <subfield code='a'>NODW</subfield>
      </datafield>
      <datafield ind1=' ' ind2='4' tag='050'>
        <subfield code='a'>E125.V45</subfield>
        <subfield code='b'>P43 1947</subfield>
      </datafield>
      <datafield ind1='1' ind2=' ' tag='100'>
        <subfield code='a'>Pichardo Viñals, Hortensia,</subfield>
        <subfield code='d'>1904-</subfield>
      </datafield>
      <datafield ind1='1' ind2='0' tag='245'>
        <subfield code='a'>En torno a la conquista de Cuba /</subfield>
        <subfield code='c'>Hortensia Pichardo y Fernando Portuondo.</subfield>
      </datafield>
      <datafield ind1=' ' ind2=' ' tag='260'>
        <subfield code='a'>La Habana :</subfield>
        <subfield code='b'>Editorial &quot;Selecta,&quot;</subfield>
        <subfield code='c'>1947.</subfield>
      </datafield>
      <datafield ind1=' ' ind2=' ' tag='300'>
        <subfield code='a'>25 p. :</subfield>
        <subfield code='b'>maps. ;</subfield>
        <subfield code='c'>22 cm.</subfield>
      </datafield>
      <datafield ind1=' ' ind2=' ' tag='500'>
        <subfield code='a'>&quot;Tres temas presentados y aprobados en el Quinto Congreso Nacional de Historia, La Habana, 1946&quot;</subfield>
      </datafield>
      <datafield ind1=' ' ind2=' ' tag='500'>
        <subfield code='a'>&quot;Publicado en la Revista &quot;Instituto de la Vibora.&quot;</subfield>
      </datafield>
      <datafield ind1=' ' ind2=' ' tag='504'>
        <subfield code='a'>Includes bibliographical references.</subfield>
      </datafield>
      <datafield ind1='0' ind2=' ' tag='505'>
        <subfield code='a'>1. La fecha de la arribada de Velázquez -- 2. Dónde desembarcó Velázquez en Cuba -- 3. La ruta de Velázquez hacia occidente en 1513.</subfield>
      </datafield>
      <datafield ind1='1' ind2='0' tag='600'>
        <subfield code='a'>Velázquez de Cuéllar, Diego,</subfield>
        <subfield code='d'>1465-1522?</subfield>
        <subfield code='x'>Travel</subfield>
        <subfield code='z'>Cuba.</subfield>
      </datafield>
      <datafield ind1=' ' ind2='0' tag='651'>
        <subfield code='a'>Cuba</subfield>
        <subfield code='x'>Discovery and exploration</subfield>
        <subfield code='x'>Spanish.</subfield>
      </datafield>
      <datafield ind1=' ' ind2='0' tag='651'>
        <subfield code='a'>Cuba</subfield>
        <subfield code='x'>History</subfield>
        <subfield code='y'>To 1810.</subfield>
      </datafield>
      <datafield ind1='1' ind2=' ' tag='700'>
        <subfield code='a'>Portuondo, Fernando.</subfield>
      </datafield>
      <datafield ind1=' ' ind2=' ' tag='907'>
        <subfield code='a'>b5315867</subfield>
      </datafield>
      <datafield ind1='9' ind2='1' tag='999'>
        <subfield code='i'>i7012911</subfield>
        <subfield code='l'>trln</subfield>
        <subfield code='s'>-</subfield>
        <subfield code='t'>0</subfield>
        <subfield code='c'>1</subfield>
        <subfield code='o'>1</subfield>
        <subfield code='b'>00029849219</subfield>
        <subfield code='p'>050</subfield>
        <subfield code='q'>|aE125.V45|bP43 1947</subfield>
      </datafield>
  </record>