
  <record>
    <leader>00000nas a2200385 a 4500</leader>
      <controlfield tag='008'>940103d19901993dcuar   bs   f0    0eng d</controlfield>
      <controlfield tag='007'>heubmc---bbca</controlfield>
      <controlfield tag='001'>29568132</controlfield>
      <controlfield tag='005'>19980701154143.0</controlfield>
      <datafield ind1=' ' ind2=' ' tag='010'>
        <subfield code='a'>sn 94027008</subfield>
      </datafield>
      <datafield ind1=' ' ind2=' ' tag='035'>
        <subfield code='a'>(GPO)97095440</subfield>
      </datafield>
      <datafield ind1=' ' ind2=' ' tag='037'>
        <subfield code='b'>Federal Financial Institutions Examination Council, 2100 Pennsylvania Ave., NW, Suite 200, Washington, DC 20037</subfield>
      </datafield>
      <datafield ind1=' ' ind2=' ' tag='040'>
        <subfield code='a'>DGPO</subfield>
        <subfield code='c'>DGPO</subfield>
        <subfield code='d'>DLC</subfield>
        <subfield code='d'>MvI</subfield>
      </datafield>
      <datafield ind1=' ' ind2=' ' tag='042'>
        <subfield code='a'>lcd</subfield>
      </datafield>
      <datafield ind1=' ' ind2=' ' tag='043'>
        <subfield code='a'>n-us-oh</subfield>
      </datafield>
      <datafield ind1=' ' ind2=' ' tag='074'>
        <subfield code='a'>0443-E-35 (MF)</subfield>
      </datafield>
      <datafield ind1='0' ind2=' ' tag='086'>
        <subfield code='a'>FR 1.63/35:C 16/</subfield>
      </datafield>
      <datafield ind1='0' ind2='0' tag='245'>
        <subfield code='a'>HMDA.</subfield>
        <subfield code='p'>MSA 1320, Canton, OH.</subfield>
        <subfield code='p'>Alphabetical cross reference by institution name</subfield>
        <subfield code='h'>[microform].</subfield>
      </datafield>
      <datafield ind1='2' ind2=' ' tag='246'>
        <subfield code='a'>Home Mortgage Disclosure Act.</subfield>
        <subfield code='p'>Metropolitan Statistical Area 1320, Canton, OH.</subfield>
        <subfield code='p'>Alphabetical cross reference by institution name</subfield>
      </datafield>
      <datafield ind1='3' ind2='0' tag='246'>
        <subfield code='a'>Canton, OH.</subfield>
        <subfield code='p'>Alphabetical cross reference by institution name</subfield>
      </datafield>
      <datafield ind1='3' ind2=' ' tag='246'>
        <subfield code='a'>HMDA ... alphabetical cross reference by institution name, MSA 1320, Canton, OH</subfield>
      </datafield>
      <datafield ind1='3' ind2='0' tag='246'>
        <subfield code='a'>Alphabetical cross reference by institution name, MSA 1320, Canton, OH</subfield>
      </datafield>
      <datafield ind1=' ' ind2=' ' tag='260'>
        <subfield code='a'>[Washington, DC :</subfield>
        <subfield code='b'>Federal Financial Institutions Examination Council,</subfield>
        <subfield code='c'>1992?-</subfield>
      </datafield>
      <datafield ind1=' ' ind2=' ' tag='300'>
        <subfield code='a'>v.</subfield>
      </datafield>
      <datafield ind1=' ' ind2=' ' tag='310'>
        <subfield code='a'>Annual</subfield>
      </datafield>
      <datafield ind1='0' ind2=' ' tag='362'>
        <subfield code='a'>1990-</subfield>
      </datafield>
      <datafield ind1='1' ind2=' ' tag='362'>
        <subfield code='a'>Ceased with 1993 issue.</subfield>
      </datafield>
      <datafield ind1=' ' ind2=' ' tag='500'>
        <subfield code='a'>Title from header.</subfield>
      </datafield>
      <datafield ind1=' ' ind2=' ' tag='533'>
        <subfield code='a'>Microfiche.</subfield>
        <subfield code='m'>1990-</subfield>
        <subfield code='b'>[Washington, D.C. :</subfield>
        <subfield code='c'>Federal Financial Institutions Examination Council,</subfield>
        <subfield code='d'>1992?-</subfield>
        <subfield code='e'>microfiches : negative.</subfield>
      </datafield>
      <datafield ind1=' ' ind2='0' tag='650'>
        <subfield code='a'>Mortgage banks</subfield>
        <subfield code='z'>Ohio</subfield>
        <subfield code='z'>Canton Metropolitan Area</subfield>
        <subfield code='v'>Periodicals.</subfield>
      </datafield>
      <datafield ind1='2' ind2=' ' tag='710'>
        <subfield code='a'>Federal Financial Institutions Examination Council (U.S.)</subfield>
      </datafield>
      <datafield ind1='0' ind2='0' tag='785'>
        <subfield code='t'>FFIEC HMDA. MSA 1320, Canton-Massillon, OH. Alphabetical cross reference by institution name</subfield>
        <subfield code='w'>(DLC)sn 98028632</subfield>
        <subfield code='w'>(OCoLC)39378632</subfield>
      </datafield>
      <datafield ind1=' ' ind2=' ' tag='907'>
        <subfield code='a'>b3516779</subfield>
      </datafield>
      <datafield ind1='9' ind2='1' tag='999'>
        <subfield code='i'>i4946345</subfield>
        <subfield code='l'>dcpf</subfield>
        <subfield code='s'>o</subfield>
        <subfield code='t'>20</subfield>
        <subfield code='c'>1</subfield>
        <subfield code='o'>0</subfield>
        <subfield code='b'>HBAB-3811-00001</subfield>
        <subfield code='p'>086</subfield>
        <subfield code='q'>|aFR 1.63/35:C 16/</subfield>
      </datafield>
      <datafield ind1='9' ind2='2' tag='999'>
        <subfield code='a'>c3656921</subfield>
        <subfield code='b'>dcpf</subfield>
        <subfield code='c'>0</subfield>
      </datafield>
      <datafield ind1='9' ind2='3' tag='999'>
        <subfield code='0'>c3656921</subfield>
        <subfield code='2'>852</subfield>
        <subfield code='3'>c</subfield>
        <subfield code='b'>553388</subfield>
        <subfield code='g'>Microfiche</subfield>
        <subfield code='h'>FR 1.63/35:C 16/</subfield>
        <subfield code='z'>For holdings, ask at Davis Service Desk.</subfield>
      </datafield>
      <datafield ind1='9' ind2='3' tag='999'>
        <subfield code='0'>c3656921</subfield>
        <subfield code='2'>852</subfield>
        <subfield code='3'>e</subfield>
        <subfield code='p'>HBAB-3811-00001</subfield>
        <subfield code='t'>1</subfield>
      </datafield>
  </record>