
  <record>
    <leader>00000cam a2200421 i 4500</leader>
      <controlfield tag='008'>140307s2014    cau      b    001 0 eng  </controlfield>
      <controlfield tag='001'>870842010</controlfield>
      <controlfield tag='003'>OCoLC</controlfield>
      <controlfield tag='005'>20141024072852.8</controlfield>
      <datafield ind1=' ' ind2=' ' tag='010'>
        <subfield code='a'>2014002913</subfield>
      </datafield>
      <datafield ind1=' ' ind2=' ' tag='019'>
        <subfield code='a'>870981542</subfield>
      </datafield>
      <datafield ind1=' ' ind2=' ' tag='020'>
        <subfield code='a'>9781440831164 (print : alk. paper)</subfield>
      </datafield>
      <datafield ind1=' ' ind2=' ' tag='020'>
        <subfield code='a'>1440831165 (print : alk. paper)</subfield>
      </datafield>
      <datafield ind1=' ' ind2=' ' tag='020'>
        <subfield code='z'>9781440831171 (e-book)</subfield>
      </datafield>
      <datafield ind1=' ' ind2=' ' tag='035'>
        <subfield code='a'>(OCoLC)870842010</subfield>
        <subfield code='z'>(OCoLC)870981542</subfield>
      </datafield>
      <datafield ind1=' ' ind2=' ' tag='040'>
        <subfield code='a'>DLC</subfield>
        <subfield code='b'>eng</subfield>
        <subfield code='e'>rda</subfield>
        <subfield code='c'>DLC</subfield>
        <subfield code='d'>YDX</subfield>
        <subfield code='d'>YDXCP</subfield>
        <subfield code='d'>BDX</subfield>
        <subfield code='d'>BTCTA</subfield>
        <subfield code='d'>UKMGB</subfield>
        <subfield code='d'>OCLCF</subfield>
        <subfield code='d'>CDX</subfield>
        <subfield code='d'>OKN</subfield>
      </datafield>
      <datafield ind1=' ' ind2=' ' tag='042'>
        <subfield code='a'>pcc</subfield>
      </datafield>
      <datafield ind1='0' ind2='0' tag='050'>
        <subfield code='a'>HQ1233</subfield>
        <subfield code='b'>.L46 2014</subfield>
      </datafield>
      <datafield ind1='0' ind2='0' tag='082'>
        <subfield code='a'>658.4/092082</subfield>
        <subfield code='2'>23</subfield>
      </datafield>
      <datafield ind1='1' ind2=' ' tag='100'>
        <subfield code='a'>Lennon, Tiffani.</subfield>
      </datafield>
      <datafield ind1='1' ind2='0' tag='245'>
        <subfield code='a'>Recognizing women&apos;s leadership :</subfield>
        <subfield code='b'>strategies and best practices for employing excellence /</subfield>
        <subfield code='c'>Tiffani Lennon ; foreword by Geena Davis.</subfield>
      </datafield>
      <datafield ind1=' ' ind2='1' tag='264'>
        <subfield code='a'>Santa Barbara :</subfield>
        <subfield code='b'>Praeger, An Imprint of ABC-CLIO, LLC,</subfield>
        <subfield code='c'>2014.</subfield>
      </datafield>
      <datafield ind1=' ' ind2=' ' tag='300'>
        <subfield code='a'>xiv, 246 pages ;</subfield>
        <subfield code='c'>25 cm</subfield>
      </datafield>
      <datafield ind1=' ' ind2=' ' tag='336'>
        <subfield code='a'>text</subfield>
        <subfield code='b'>txt</subfield>
        <subfield code='2'>rdacontent</subfield>
      </datafield>
      <datafield ind1=' ' ind2=' ' tag='337'>
        <subfield code='a'>unmediated</subfield>
        <subfield code='b'>n</subfield>
        <subfield code='2'>rdamedia</subfield>
      </datafield>
      <datafield ind1=' ' ind2=' ' tag='338'>
        <subfield code='a'>volume</subfield>
        <subfield code='b'>nc</subfield>
        <subfield code='2'>rdacarrier</subfield>
      </datafield>
      <datafield ind1=' ' ind2=' ' tag='504'>
        <subfield code='a'>Includes bibliographical references (pages 233-239) and index.</subfield>
      </datafield>
      <datafield ind1='0' ind2=' ' tag='505'>
        <subfield code='a'>Foreword / by Geena Davis -- Preface -- Introduction -- Business -- Journalism and media -- Law -- Medicine -- Politics and government -- Military -- Academia -- P-12 education -- Nonprofits and philanthropy -- Arts and entertainment -- Best practices and strategies for employing excellence -- Conclusion -- Select bibliography -- Index.</subfield>
      </datafield>
      <datafield ind1=' ' ind2='0' tag='650'>
        <subfield code='a'>Leadership in women.</subfield>
      </datafield>
      <datafield ind1=' ' ind2='0' tag='650'>
        <subfield code='a'>Women</subfield>
        <subfield code='x'>Employment.</subfield>
      </datafield>
      <datafield ind1=' ' ind2='7' tag='650'>
        <subfield code='a'>Leadership in women.</subfield>
        <subfield code='2'>fast</subfield>
        <subfield code='0'>(OCoLC)fst00994745</subfield>
      </datafield>
      <datafield ind1=' ' ind2='7' tag='650'>
        <subfield code='a'>Women</subfield>
        <subfield code='x'>Employment.</subfield>
        <subfield code='2'>fast</subfield>
        <subfield code='0'>(OCoLC)fst01176715</subfield>
      </datafield>
      <datafield ind1=' ' ind2=' ' tag='907'>
        <subfield code='a'>b7970875</subfield>
      </datafield>
      <datafield ind1='9' ind2='1' tag='999'>
        <subfield code='i'>i10500998</subfield>
        <subfield code='l'>ddda</subfield>
        <subfield code='s'>-</subfield>
        <subfield code='t'>0</subfield>
        <subfield code='c'>1</subfield>
        <subfield code='o'>0</subfield>
        <subfield code='b'>00048694224</subfield>
        <subfield code='p'>050</subfield>
        <subfield code='q'>|aHQ1233|b.L46 2014</subfield>
      </datafield>
  </record>