
  <record>
    <leader>00000cam  2200277   4500</leader>
      <controlfield tag='008'>790602s1709    enk|||| a     00| ||eng d</controlfield>
      <controlfield tag='001'>M-ESTCT36386</controlfield>
      <controlfield tag='005'>20043431164339.0</controlfield>
      <datafield ind1=' ' ind2=' ' tag='040'>
        <subfield code='a'>Uk-ES</subfield>
        <subfield code='c'>Uk-ES</subfield>
        <subfield code='d'>CStRLIN</subfield>
      </datafield>
      <datafield ind1='1' ind2=' ' tag='100'>
        <subfield code='a'>Freke, John,</subfield>
        <subfield code='d'>1651 or 1652-</subfield>
      </datafield>
      <datafield ind1='1' ind2='4' tag='245'>
        <subfield code='a'>The history of insipids,</subfield>
        <subfield code='b'>a lampoon, by the Lord Roch-r. With his farewell. 1680. Together with Marvil&apos;s Ghost. By Mr. Ayloff.</subfield>
      </datafield>
      <datafield ind1=' ' ind2=' ' tag='260'>
        <subfield code='a'>London :</subfield>
        <subfield code='b'>printed and sold by H. Hills,</subfield>
        <subfield code='c'>1709.</subfield>
      </datafield>
      <datafield ind1=' ' ind2=' ' tag='300'>
        <subfield code='a'>16p. ;</subfield>
        <subfield code='c'>8⁰.</subfield>
      </datafield>
      <datafield ind1=' ' ind2=' ' tag='500'>
        <subfield code='a'>Anonymous. By John Freke, although Rochester is the author intended.</subfield>
      </datafield>
      <datafield ind1=' ' ind2=' ' tag='500'>
        <subfield code='a'>In this edition there is a pattern of six type-flowers on the titlepage.</subfield>
      </datafield>
      <datafield ind1=' ' ind2=' ' tag='500'>
        <subfield code='a'>Also issued as part of: &apos;A collection of the best English poetry, by several hands&apos;, London, 1717.</subfield>
      </datafield>
      <datafield ind1='4' ind2=' ' tag='510'>
        <subfield code='a'>Foxon,</subfield>
        <subfield code='c'>F249</subfield>
      </datafield>
      <datafield ind1=' ' ind2=' ' tag='533'>
        <subfield code='a'>Microfilm.</subfield>
        <subfield code='b'>Woodbridge, Conn. :</subfield>
        <subfield code='c'>Primary Source Microfilm, an imprint of Gale,</subfield>
        <subfield code='d'>2003.</subfield>
        <subfield code='e'>1 reel ; 35 mm.</subfield>
        <subfield code='n'>Unit 387.</subfield>
        <subfield code='f'>(The Eighteenth Century ; reel 13539, no. 05).</subfield>
        <subfield code='7'>s2003 ctu  b</subfield>
      </datafield>
      <datafield ind1='1' ind2=' ' tag='700'>
        <subfield code='a'>Rochester, John Wilmot,</subfield>
        <subfield code='c'>Earl of,</subfield>
        <subfield code='d'>1647-1680.</subfield>
      </datafield>
      <datafield ind1=' ' ind2='0' tag='830'>
        <subfield code='a'>Eighteenth century ;</subfield>
        <subfield code='v'>reel 13539, no. 05.</subfield>
      </datafield>
      <datafield ind1=' ' ind2=' ' tag='907'>
        <subfield code='a'>b4470447</subfield>
      </datafield>
      <datafield ind1='9' ind2='1' tag='999'>
        <subfield code='i'>i6081234</subfield>
        <subfield code='l'>dgdaa</subfield>
        <subfield code='s'>-</subfield>
        <subfield code='t'>28</subfield>
        <subfield code='c'>1</subfield>
        <subfield code='o'>0</subfield>
        <subfield code='b'>HBJK-7306-00001</subfield>
        <subfield code='p'>099</subfield>
        <subfield code='q'>|a1-2586 reel 13539, no. 05</subfield>
      </datafield>
  </record>