
  <record>
    <leader>00000cam  2200289 a 4500</leader>
      <controlfield tag='008'>990211s2000    nyua     be   001 0 eng  </controlfield>
      <controlfield tag='001'>40848662</controlfield>
      <controlfield tag='005'>20000222094753.0</controlfield>
      <datafield ind1=' ' ind2=' ' tag='010'>
        <subfield code='a'>99021586</subfield>
      </datafield>
      <datafield ind1=' ' ind2=' ' tag='020'>
        <subfield code='a'>0816039496</subfield>
      </datafield>
      <datafield ind1=' ' ind2=' ' tag='040'>
        <subfield code='a'>DLC</subfield>
        <subfield code='c'>DLC</subfield>
        <subfield code='d'>C#P</subfield>
        <subfield code='d'>NOC</subfield>
      </datafield>
      <datafield ind1='0' ind2='0' tag='050'>
        <subfield code='a'>E98.R3</subfield>
        <subfield code='b'>H73 2000</subfield>
      </datafield>
      <datafield ind1='1' ind2=' ' tag='100'>
        <subfield code='a'>Hirschfelder, Arlene B.</subfield>
      </datafield>
      <datafield ind1='1' ind2='0' tag='245'>
        <subfield code='a'>Encyclopedia of Native American religions :</subfield>
        <subfield code='b'>an introduction /</subfield>
        <subfield code='c'>Arlene Hirschfelder, Paulette Molin ; foreword by Walter R. Echo-Hawk.</subfield>
      </datafield>
      <datafield ind1=' ' ind2=' ' tag='250'>
        <subfield code='a'>Updated ed.</subfield>
      </datafield>
      <datafield ind1=' ' ind2=' ' tag='260'>
        <subfield code='a'>New York :</subfield>
        <subfield code='b'>Facts on File,</subfield>
        <subfield code='c'>c2000.</subfield>
      </datafield>
      <datafield ind1=' ' ind2=' ' tag='300'>
        <subfield code='a'>390 p. :</subfield>
        <subfield code='b'>ill. ;</subfield>
        <subfield code='c'>28 cm.</subfield>
      </datafield>
      <datafield ind1=' ' ind2=' ' tag='504'>
        <subfield code='a'>Includes bibliographical references and indexes.</subfield>
      </datafield>
      <datafield ind1=' ' ind2='0' tag='650'>
        <subfield code='a'>Indians of North America</subfield>
        <subfield code='x'>Religion</subfield>
        <subfield code='v'>Encyclopedias.</subfield>
      </datafield>
      <datafield ind1=' ' ind2='0' tag='650'>
        <subfield code='a'>Indians of North America</subfield>
        <subfield code='x'>Rites and ceremonies</subfield>
        <subfield code='v'>Encyclopedias.</subfield>
      </datafield>
      <datafield ind1='1' ind2=' ' tag='700'>
        <subfield code='a'>Molin, Paulette Fairbanks.</subfield>
      </datafield>
      <datafield ind1=' ' ind2='0' tag='830'>
        <subfield code='a'>Facts on File library of American history.</subfield>
      </datafield>
      <datafield ind1=' ' ind2=' ' tag='907'>
        <subfield code='a'>b3343111</subfield>
      </datafield>
      <datafield ind1='9' ind2='1' tag='999'>
        <subfield code='i'>i4757511</subfield>
        <subfield code='l'>dccd</subfield>
        <subfield code='s'>-</subfield>
        <subfield code='t'>43</subfield>
        <subfield code='c'>1</subfield>
        <subfield code='o'>0</subfield>
        <subfield code='b'>00017319876</subfield>
        <subfield code='p'>090</subfield>
        <subfield code='q'>|aE98.R3 H73 2000</subfield>
      </datafield>
  </record>