
  <record>
    <leader>00000cam  2200361 a 4500</leader>
      <controlfield tag='008'>000925s1996    dcu      f   f000 0 eng c</controlfield>
      <controlfield tag='001'>45070374</controlfield>
      <controlfield tag='005'>20000925131237.0</controlfield>
      <datafield ind1=' ' ind2=' ' tag='019'>
        <subfield code='a'>tmp97236080</subfield>
      </datafield>
      <datafield ind1=' ' ind2=' ' tag='035'>
        <subfield code='a'>(GPO)99058901</subfield>
      </datafield>
      <datafield ind1=' ' ind2=' ' tag='037'>
        <subfield code='a'>Catalog no. 13423D</subfield>
        <subfield code='b'>IRS</subfield>
      </datafield>
      <datafield ind1=' ' ind2=' ' tag='040'>
        <subfield code='a'>GPO</subfield>
        <subfield code='c'>GPO</subfield>
        <subfield code='d'>DLC</subfield>
        <subfield code='d'>MvI</subfield>
      </datafield>
      <datafield ind1=' ' ind2=' ' tag='042'>
        <subfield code='a'>pcc</subfield>
      </datafield>
      <datafield ind1=' ' ind2=' ' tag='043'>
        <subfield code='a'>n-us---</subfield>
      </datafield>
      <datafield ind1=' ' ind2=' ' tag='074'>
        <subfield code='a'>0956-A</subfield>
      </datafield>
      <datafield ind1='0' ind2=' ' tag='086'>
        <subfield code='a'>T 22.19/2:SE 5</subfield>
      </datafield>
      <datafield ind1='1' ind2=' ' tag='110'>
        <subfield code='a'>United States.</subfield>
        <subfield code='b'>Internal Revenue Service.</subfield>
        <subfield code='b'>Criminal Tax Division.</subfield>
      </datafield>
      <datafield ind1='1' ind2='0' tag='245'>
        <subfield code='a'>Sentencing guidelines handbook :</subfield>
        <subfield code='b'>an abridged and annotated version of the United States Sentencing Commission sentencing guidelines manual.</subfield>
      </datafield>
      <datafield ind1='3' ind2='0' tag='246'>
        <subfield code='a'>Abridged and annotated version of the United States Sentencing Commission sentencing guidelines manual</subfield>
      </datafield>
      <datafield ind1=' ' ind2=' ' tag='250'>
        <subfield code='a'>Rev. 5-96.</subfield>
      </datafield>
      <datafield ind1=' ' ind2=' ' tag='260'>
        <subfield code='a'>[Washington, D.C.] (1111 Constitution Ave., N.W., Rm. 2575, Washington 20224) :</subfield>
        <subfield code='b'>Criminal Tax Division, Office of Chief Counsel, Internal Revenue Service,</subfield>
        <subfield code='c'>1996.</subfield>
      </datafield>
      <datafield ind1=' ' ind2=' ' tag='300'>
        <subfield code='a'>xix, 274 p. ;</subfield>
        <subfield code='c'>28 cm.</subfield>
      </datafield>
      <datafield ind1=' ' ind2=' ' tag='500'>
        <subfield code='a'>Cover title.</subfield>
      </datafield>
      <datafield ind1=' ' ind2=' ' tag='500'>
        <subfield code='a'>&quot;Incorporating guideline amendments effective November 1, 1995.&quot;</subfield>
      </datafield>
      <datafield ind1=' ' ind2=' ' tag='500'>
        <subfield code='a'>Shipping list no.: 2000-0354-P.</subfield>
      </datafield>
      <datafield ind1=' ' ind2=' ' tag='500'>
        <subfield code='a'>&quot;(May 1996)&quot;&quot;--Spine.</subfield>
      </datafield>
      <datafield ind1='2' ind2='0' tag='610'>
        <subfield code='a'>United States Sentencing Commission</subfield>
        <subfield code='v'>Handbooks, manuals, etc.</subfield>
      </datafield>
      <datafield ind1=' ' ind2='0' tag='650'>
        <subfield code='a'>Sentences (Criminal procedure)</subfield>
        <subfield code='z'>United States</subfield>
        <subfield code='v'>Handbooks, manuals, etc.</subfield>
      </datafield>
      <datafield ind1=' ' ind2='0' tag='650'>
        <subfield code='a'>Judgments, Criminal</subfield>
        <subfield code='z'>United States</subfield>
        <subfield code='v'>Handbooks, manuals, etc.</subfield>
      </datafield>
      <datafield ind1='2' ind2=' ' tag='710'>
        <subfield code='a'>United States Sentencing Commission.</subfield>
      </datafield>
      <datafield ind1=' ' ind2='0' tag='830'>
        <subfield code='a'>Document (United States. Internal Revenue Service) ;</subfield>
        <subfield code='v'>7788.</subfield>
      </datafield>
      <datafield ind1=' ' ind2=' ' tag='907'>
        <subfield code='a'>b3603647</subfield>
      </datafield>
      <datafield ind1='9' ind2='1' tag='999'>
        <subfield code='i'>i5042271</subfield>
        <subfield code='l'>dcpf</subfield>
        <subfield code='s'>-</subfield>
        <subfield code='t'>20</subfield>
        <subfield code='c'>1</subfield>
        <subfield code='o'>0</subfield>
        <subfield code='b'>00017985263</subfield>
        <subfield code='p'>086</subfield>
        <subfield code='q'>|aT 22.19/2:SE 5</subfield>
      </datafield>
  </record>