
  <record>
    <leader>00000cgm a2200577Ia 4500</leader>
      <controlfield tag='008'>101124p20112008xxu091            vleng d</controlfield>
      <controlfield tag='007'>vd cvaizu</controlfield>
      <controlfield tag='001'>683259584</controlfield>
      <controlfield tag='003'>OCoLC</controlfield>
      <controlfield tag='005'>20110223012730.0</controlfield>
      <datafield ind1='1' ind2=' ' tag='024'>
        <subfield code='a'>829567074923</subfield>
      </datafield>
      <datafield ind1='4' ind2='2' tag='028'>
        <subfield code='a'>670749</subfield>
        <subfield code='b'>Virgil Films</subfield>
      </datafield>
      <datafield ind1=' ' ind2=' ' tag='035'>
        <subfield code='a'>(OCoLC)683259584</subfield>
      </datafield>
      <datafield ind1=' ' ind2=' ' tag='037'>
        <subfield code='b'>Midwest Tape</subfield>
        <subfield code='n'>http://www.midwesttapes.com</subfield>
      </datafield>
      <datafield ind1=' ' ind2=' ' tag='040'>
        <subfield code='a'>TEFMT</subfield>
        <subfield code='c'>TEFMT</subfield>
        <subfield code='d'>TEF</subfield>
      </datafield>
      <datafield ind1=' ' ind2=' ' tag='043'>
        <subfield code='a'>n-us---</subfield>
      </datafield>
      <datafield ind1=' ' ind2=' ' tag='049'>
        <subfield code='a'>[Digital][Video][Disc]NOC3</subfield>
      </datafield>
      <datafield ind1=' ' ind2='4' tag='050'>
        <subfield code='a'>DS79.76</subfield>
        <subfield code='b'>.L36 2011</subfield>
      </datafield>
      <datafield ind1='0' ind2='4' tag='082'>
        <subfield code='a'>956.7044/3</subfield>
        <subfield code='2'>22</subfield>
      </datafield>
      <datafield ind1='0' ind2='0' tag='245'>
        <subfield code='a'>Land of confusion</subfield>
        <subfield code='h'>[videorecording] /</subfield>
        <subfield code='c'>Zerechakfilms presents ; a Jeremy Zerechak film ; produced by Corey Peterson &amp; Jeremy Zerechak.</subfield>
      </datafield>
      <datafield ind1=' ' ind2=' ' tag='260'>
        <subfield code='a'>[United States] :</subfield>
        <subfield code='b'>Virgil Films,</subfield>
        <subfield code='c'>c2011.</subfield>
      </datafield>
      <datafield ind1=' ' ind2=' ' tag='300'>
        <subfield code='a'>1 videodisc (91 min.) :</subfield>
        <subfield code='b'>sd., col. ;</subfield>
        <subfield code='c'>4 3/4 in.</subfield>
      </datafield>
      <datafield ind1=' ' ind2=' ' tag='500'>
        <subfield code='a'>Title from container.</subfield>
      </datafield>
      <datafield ind1=' ' ind2=' ' tag='500'>
        <subfield code='a'>Originally produced in 2008.</subfield>
      </datafield>
      <datafield ind1=' ' ind2=' ' tag='500'>
        <subfield code='a'>Run time: approx.91 min.</subfield>
      </datafield>
      <datafield ind1=' ' ind2=' ' tag='508'>
        <subfield code='a'>Editor, Jeremy Zerechak; music, Joseph Miller.</subfield>
      </datafield>
      <datafield ind1=' ' ind2=' ' tag='520'>
        <subfield code='a'>In March of 2004, a Pennsylvania filmmaker was activated with his National Guard unit and deployed to Iraq. During the next twelve months he would document his unique experiences as he and his platoon were tasked with the politically charged mission of searching for the infamous weapons of mass destruction (WMDs). The search would take them from the heart of Baghdad to rural Iraqi farms. Reveals the extraordinary perspective of soldiers on the ground in Iraq, as recorded by one of their own.</subfield>
      </datafield>
      <datafield ind1='8' ind2=' ' tag='521'>
        <subfield code='a'>Not rated.</subfield>
      </datafield>
      <datafield ind1=' ' ind2=' ' tag='538'>
        <subfield code='a'>DVD; region 1; NTSC; full screen.</subfield>
      </datafield>
      <datafield ind1=' ' ind2='0' tag='650'>
        <subfield code='a'>Iraq War, 2003-2011.</subfield>
      </datafield>
      <datafield ind1=' ' ind2='0' tag='650'>
        <subfield code='a'>Weapons of mass destruction.</subfield>
      </datafield>
      <datafield ind1=' ' ind2='0' tag='651'>
        <subfield code='a'>United States</subfield>
        <subfield code='x'>National Guard.</subfield>
      </datafield>
      <datafield ind1=' ' ind2='7' tag='655'>
        <subfield code='a'>Documentary films.</subfield>
        <subfield code='2'>local</subfield>
      </datafield>
      <datafield ind1=' ' ind2=' ' tag='691'>
        <subfield code='a'>Iraq.</subfield>
      </datafield>
      <datafield ind1=' ' ind2=' ' tag='691'>
        <subfield code='a'>USA.</subfield>
      </datafield>
      <datafield ind1='1' ind2=' ' tag='700'>
        <subfield code='a'>Zerechak, Jeremy.</subfield>
        <subfield code='4'>drt</subfield>
      </datafield>
      <datafield ind1='1' ind2=' ' tag='700'>
        <subfield code='a'>Peterson, Corey.</subfield>
      </datafield>
      <datafield ind1='1' ind2=' ' tag='700'>
        <subfield code='a'>Miller, Joseph.</subfield>
      </datafield>
      <datafield ind1='2' ind2=' ' tag='710'>
        <subfield code='a'>Zerechakfilms.</subfield>
      </datafield>
      <datafield ind1='2' ind2=' ' tag='710'>
        <subfield code='a'>Virgil Films.</subfield>
      </datafield>
      <datafield ind1=' ' ind2=' ' tag='907'>
        <subfield code='a'>b6509311</subfield>
      </datafield>
      <datafield ind1='9' ind2='1' tag='999'>
        <subfield code='i'>i8674267</subfield>
        <subfield code='l'>uldag</subfield>
        <subfield code='s'>-</subfield>
        <subfield code='t'>60</subfield>
        <subfield code='c'>2</subfield>
        <subfield code='o'>10</subfield>
        <subfield code='b'>00040437731</subfield>
        <subfield code='p'>099</subfield>
        <subfield code='q'>|a65-DVD12588</subfield>
      </datafield>
      <datafield ind1='9' ind2='1' tag='999'>
        <subfield code='i'>i8674266</subfield>
        <subfield code='l'>uldal</subfield>
        <subfield code='s'>o</subfield>
        <subfield code='t'>60</subfield>
        <subfield code='c'>1</subfield>
        <subfield code='o'>1</subfield>
        <subfield code='b'>00040437740</subfield>
        <subfield code='p'>099</subfield>
        <subfield code='q'>|a65-DVD12588</subfield>
      </datafield>
  </record>