
  <record>
    <leader>00000cam  2200301Ia 4500</leader>
      <controlfield tag='008'>041029s1967    dcu     b     000 0 eng d</controlfield>
      <controlfield tag='007'>he bm024-buuu</controlfield>
      <controlfield tag='001'>56843460</controlfield>
      <controlfield tag='003'>OCoLC</controlfield>
      <controlfield tag='005'>20070206075352.0</controlfield>
      <datafield ind1=' ' ind2=' ' tag='035'>
        <subfield code='a'>(OCoLC)56843460</subfield>
      </datafield>
      <datafield ind1=' ' ind2=' ' tag='040'>
        <subfield code='a'>OKY</subfield>
        <subfield code='c'>OKY</subfield>
        <subfield code='d'>OCLCQ</subfield>
        <subfield code='d'>NDO</subfield>
      </datafield>
      <datafield ind1=' ' ind2=' ' tag='043'>
        <subfield code='a'>n-us---</subfield>
      </datafield>
      <datafield ind1=' ' ind2=' ' tag='049'>
        <subfield code='a'>NDOB</subfield>
      </datafield>
      <datafield ind1='0' ind2=' ' tag='050'>
        <subfield code='a'>KF27</subfield>
        <subfield code='b'>.A365 1967</subfield>
      </datafield>
      <datafield ind1='1' ind2=' ' tag='110'>
        <subfield code='a'>United States.</subfield>
        <subfield code='b'>Congress.</subfield>
        <subfield code='b'>House.</subfield>
        <subfield code='b'>Committee on Agriculture.</subfield>
        <subfield code='b'>Subcommittee on Livestock and Grains.</subfield>
      </datafield>
      <datafield ind1='1' ind2='0' tag='245'>
        <subfield code='a'>Amend the Packers and stockyards act of 1921</subfield>
        <subfield code='h'>[microform] :</subfield>
        <subfield code='b'>hearings before the Subcommittee on Livestock and Grains, Ninetieth Congress, first session, on H.R. 6231. June 5 and 6, 1967.</subfield>
      </datafield>
      <datafield ind1=' ' ind2=' ' tag='260'>
        <subfield code='a'>Washington :</subfield>
        <subfield code='b'>U.S. G.P.O.,</subfield>
        <subfield code='c'>1967.</subfield>
      </datafield>
      <datafield ind1=' ' ind2=' ' tag='300'>
        <subfield code='a'>iii, 78 p. ;</subfield>
        <subfield code='c'>24 cm.</subfield>
      </datafield>
      <datafield ind1=' ' ind2=' ' tag='500'>
        <subfield code='a'>&quot;Serial K.&quot;</subfield>
      </datafield>
      <datafield ind1=' ' ind2=' ' tag='533'>
        <subfield code='a'>Microfiche.</subfield>
        <subfield code='b'>Buffalo, N.Y. :</subfield>
        <subfield code='c'>W.S. Hein,</subfield>
        <subfield code='d'>[2004].</subfield>
        <subfield code='e'>1 microfiche : negative.</subfield>
        <subfield code='f'>(Law books recommended for libraries. Regulated industries ; 53).</subfield>
        <subfield code='7'>s2004    nyun b</subfield>
      </datafield>
      <datafield ind1=' ' ind2='0' tag='650'>
        <subfield code='a'>Meat industry and trade</subfield>
        <subfield code='x'>Law and legislation</subfield>
        <subfield code='z'>United States.</subfield>
      </datafield>
      <datafield ind1='1' ind2=' ' tag='776'>
        <subfield code='c'>Original</subfield>
        <subfield code='w'>(DLC) 67062035</subfield>
        <subfield code='w'>(OCoLC)1018764</subfield>
      </datafield>
      <datafield ind1=' ' ind2='0' tag='830'>
        <subfield code='a'>Law books recommended for libraries.</subfield>
        <subfield code='p'>Regulated industries ;</subfield>
        <subfield code='v'>53.</subfield>
      </datafield>
      <datafield ind1=' ' ind2=' ' tag='907'>
        <subfield code='a'>b4978517</subfield>
      </datafield>
      <datafield ind1='9' ind2='1' tag='999'>
        <subfield code='i'>i6554606</subfield>
        <subfield code='l'>knfc</subfield>
        <subfield code='s'>o</subfield>
        <subfield code='t'>27</subfield>
        <subfield code='c'>1</subfield>
        <subfield code='o'>0</subfield>
        <subfield code='p'>090</subfield>
        <subfield code='q'>|aK46.L39|bR45 no.53</subfield>
      </datafield>
  </record>