
  <record>
    <leader>00000cam a22004818a 4500</leader>
      <controlfield tag='008'>931105s1994    flu      f    001 0 eng  </controlfield>
      <controlfield tag='001'>29387084</controlfield>
      <controlfield tag='005'>19940322092510.0</controlfield>
      <datafield ind1=' ' ind2=' ' tag='010'>
        <subfield code='a'>93040342</subfield>
      </datafield>
      <datafield ind1=' ' ind2=' ' tag='020'>
        <subfield code='a'>0849304458</subfield>
      </datafield>
      <datafield ind1=' ' ind2=' ' tag='040'>
        <subfield code='a'>DLC</subfield>
        <subfield code='c'>DLC</subfield>
        <subfield code='d'>NOH</subfield>
      </datafield>
      <datafield ind1='0' ind2='0' tag='050'>
        <subfield code='a'>QD257.7</subfield>
        <subfield code='b'>.H36 1994</subfield>
      </datafield>
      <datafield ind1='0' ind2='0' tag='082'>
        <subfield code='a'>547</subfield>
        <subfield code='2'>20</subfield>
      </datafield>
      <datafield ind1='0' ind2='0' tag='245'>
        <subfield code='a'>Handbook of data on organic compounds /</subfield>
        <subfield code='c'>editors, David R. Lide, G.W.A. Milne.</subfield>
      </datafield>
      <datafield ind1=' ' ind2=' ' tag='250'>
        <subfield code='a'>3rd ed.</subfield>
      </datafield>
      <datafield ind1=' ' ind2=' ' tag='260'>
        <subfield code='a'>Boca Raton :</subfield>
        <subfield code='b'>CRC Press,</subfield>
        <subfield code='c'>c1994.</subfield>
      </datafield>
      <datafield ind1=' ' ind2=' ' tag='300'>
        <subfield code='a'>7 v. :</subfield>
        <subfield code='c'>29 cm.</subfield>
      </datafield>
      <datafield ind1=' ' ind2=' ' tag='500'>
        <subfield code='a'>Includes indexes.</subfield>
      </datafield>
      <datafield ind1='0' ind2=' ' tag='505'>
        <subfield code='a'>v. 1. Compounds 1-5000. Aba-Ben -- v. 2. Compounds 5001-10.000. Ben-Cha -- v. 3. Compounds 10.001-15.600. Cha-Hex -- v. 4. Compounds 15.601-21.599 -- v. 5. Compounds 21.600-27.580. Pho-Zir -- v.6. CAS registry number index. Molecular formula index -- v. 7. Name/synonym index.</subfield>
      </datafield>
      <datafield ind1=' ' ind2='0' tag='650'>
        <subfield code='a'>Organic compounds</subfield>
        <subfield code='v'>Handbooks, manuals, etc.</subfield>
      </datafield>
      <datafield ind1=' ' ind2='2' tag='650'>
        <subfield code='a'>Chemistry, Organic.</subfield>
      </datafield>
      <datafield ind1=' ' ind2='2' tag='655'>
        <subfield code='a'>Handbooks.</subfield>
      </datafield>
      <datafield ind1='1' ind2=' ' tag='700'>
        <subfield code='a'>Lide, David R.,</subfield>
        <subfield code='d'>1928-</subfield>
      </datafield>
      <datafield ind1='1' ind2=' ' tag='700'>
        <subfield code='a'>Milne, George W. A.,</subfield>
        <subfield code='d'>1937-</subfield>
      </datafield>
      <datafield ind1='0' ind2=' ' tag='740'>
        <subfield code='a'>Data on organic compounds.</subfield>
      </datafield>
      <datafield ind1=' ' ind2=' ' tag='907'>
        <subfield code='a'>b2475623</subfield>
      </datafield>
      <datafield ind1='9' ind2='1' tag='999'>
        <subfield code='i'>i3561168</subfield>
        <subfield code='l'>nohr</subfield>
        <subfield code='s'>o</subfield>
        <subfield code='t'>43</subfield>
        <subfield code='c'>1</subfield>
        <subfield code='o'>0</subfield>
        <subfield code='b'>H00177316P</subfield>
        <subfield code='p'>096</subfield>
        <subfield code='q'>|aQD 257.7|bC911 1994</subfield>
        <subfield code='v'>v.1</subfield>
      </datafield>
      <datafield ind1='9' ind2='1' tag='999'>
        <subfield code='i'>i3561171</subfield>
        <subfield code='l'>nohr</subfield>
        <subfield code='s'>o</subfield>
        <subfield code='t'>43</subfield>
        <subfield code='c'>1</subfield>
        <subfield code='o'>0</subfield>
        <subfield code='b'>H00177322M</subfield>
        <subfield code='p'>096</subfield>
        <subfield code='q'>|aQD 257.7|bC911 1994</subfield>
        <subfield code='v'>v.2</subfield>
      </datafield>
      <datafield ind1='9' ind2='1' tag='999'>
        <subfield code='i'>i3561172</subfield>
        <subfield code='l'>nohr</subfield>
        <subfield code='s'>o</subfield>
        <subfield code='t'>43</subfield>
        <subfield code='c'>1</subfield>
        <subfield code='o'>0</subfield>
        <subfield code='b'>H00177334P</subfield>
        <subfield code='p'>096</subfield>
        <subfield code='q'>|aQD 257.7|bC911 1994</subfield>
        <subfield code='v'>v.3</subfield>
      </datafield>
      <datafield ind1='9' ind2='1' tag='999'>
        <subfield code='i'>i3561175</subfield>
        <subfield code='l'>nohr</subfield>
        <subfield code='s'>o</subfield>
        <subfield code='t'>43</subfield>
        <subfield code='c'>1</subfield>
        <subfield code='o'>0</subfield>
        <subfield code='b'>H00177340M</subfield>
        <subfield code='p'>096</subfield>
        <subfield code='q'>|aQD 257.7|bC911 1994</subfield>
        <subfield code='v'>v.4</subfield>
      </datafield>
      <datafield ind1='9' ind2='1' tag='999'>
        <subfield code='i'>i3561176</subfield>
        <subfield code='l'>nohr</subfield>
        <subfield code='s'>o</subfield>
        <subfield code='t'>43</subfield>
        <subfield code='c'>1</subfield>
        <subfield code='o'>0</subfield>
        <subfield code='b'>H00177341N</subfield>
        <subfield code='p'>096</subfield>
        <subfield code='q'>|aQD 257.7|bC911 1994</subfield>
        <subfield code='v'>v.5</subfield>
      </datafield>
      <datafield ind1='9' ind2='1' tag='999'>
        <subfield code='i'>i3561179</subfield>
        <subfield code='l'>nohr</subfield>
        <subfield code='s'>o</subfield>
        <subfield code='t'>43</subfield>
        <subfield code='c'>1</subfield>
        <subfield code='o'>0</subfield>
        <subfield code='b'>H00177335Q</subfield>
        <subfield code='p'>096</subfield>
        <subfield code='q'>|aQD 257.7|bC911 1994</subfield>
        <subfield code='v'>v.6</subfield>
      </datafield>
      <datafield ind1='9' ind2='1' tag='999'>
        <subfield code='i'>i3561180</subfield>
        <subfield code='l'>nohr</subfield>
        <subfield code='s'>o</subfield>
        <subfield code='t'>43</subfield>
        <subfield code='c'>1</subfield>
        <subfield code='o'>0</subfield>
        <subfield code='b'>H00177329T</subfield>
        <subfield code='p'>096</subfield>
        <subfield code='q'>|aQD 257.7|bC911 1994</subfield>
        <subfield code='v'>v.7</subfield>
      </datafield>
      <datafield ind1='9' ind2='1' tag='999'>
        <subfield code='i'>i3561169</subfield>
        <subfield code='l'>bbrf</subfield>
        <subfield code='s'>o</subfield>
        <subfield code='t'>0</subfield>
        <subfield code='c'>1</subfield>
        <subfield code='o'>0</subfield>
        <subfield code='b'>00009865461</subfield>
        <subfield code='p'>090</subfield>
        <subfield code='q'>|aQD257.7 .H36 1994</subfield>
        <subfield code='v'>v.1</subfield>
      </datafield>
      <datafield ind1='9' ind2='1' tag='999'>
        <subfield code='i'>i3561170</subfield>
        <subfield code='l'>bbrf</subfield>
        <subfield code='s'>o</subfield>
        <subfield code='t'>0</subfield>
        <subfield code='c'>1</subfield>
        <subfield code='o'>0</subfield>
        <subfield code='b'>00009865470</subfield>
        <subfield code='p'>090</subfield>
        <subfield code='q'>|aQD257.7 .H36 1994</subfield>
        <subfield code='v'>v.2</subfield>
      </datafield>
      <datafield ind1='9' ind2='1' tag='999'>
        <subfield code='i'>i3561173</subfield>
        <subfield code='l'>bbrf</subfield>
        <subfield code='s'>o</subfield>
        <subfield code='t'>0</subfield>
        <subfield code='c'>1</subfield>
        <subfield code='o'>0</subfield>
        <subfield code='b'>00009865489</subfield>
        <subfield code='p'>090</subfield>
        <subfield code='q'>|aQD257.7 .H36 1994</subfield>
        <subfield code='v'>v.3</subfield>
      </datafield>
      <datafield ind1='9' ind2='1' tag='999'>
        <subfield code='i'>i3561174</subfield>
        <subfield code='l'>bbrf</subfield>
        <subfield code='s'>o</subfield>
        <subfield code='t'>0</subfield>
        <subfield code='c'>1</subfield>
        <subfield code='o'>0</subfield>
        <subfield code='b'>00009865498</subfield>
        <subfield code='p'>090</subfield>
        <subfield code='q'>|aQD257.7 .H36 1994</subfield>
        <subfield code='v'>v.4</subfield>
      </datafield>
      <datafield ind1='9' ind2='1' tag='999'>
        <subfield code='i'>i3561177</subfield>
        <subfield code='l'>bbrf</subfield>
        <subfield code='s'>o</subfield>
        <subfield code='t'>0</subfield>
        <subfield code='c'>1</subfield>
        <subfield code='o'>0</subfield>
        <subfield code='b'>00009865504</subfield>
        <subfield code='p'>090</subfield>
        <subfield code='q'>|aQD257.7 .H36 1994</subfield>
        <subfield code='v'>v.5</subfield>
      </datafield>
      <datafield ind1='9' ind2='1' tag='999'>
        <subfield code='i'>i3561178</subfield>
        <subfield code='l'>bbrf</subfield>
        <subfield code='s'>o</subfield>
        <subfield code='t'>0</subfield>
        <subfield code='c'>1</subfield>
        <subfield code='o'>0</subfield>
        <subfield code='b'>00009865238</subfield>
        <subfield code='p'>090</subfield>
        <subfield code='q'>|aQD257.7 .H36 1994</subfield>
        <subfield code='v'>v.6</subfield>
      </datafield>
      <datafield ind1='9' ind2='1' tag='999'>
        <subfield code='i'>i3561181</subfield>
        <subfield code='l'>bbrf</subfield>
        <subfield code='s'>o</subfield>
        <subfield code='t'>0</subfield>
        <subfield code='c'>1</subfield>
        <subfield code='o'>0</subfield>
        <subfield code='b'>00009865229</subfield>
        <subfield code='p'>090</subfield>
        <subfield code='q'>|aQD257.7 .H36 1994</subfield>
        <subfield code='v'>v.7</subfield>
      </datafield>
      <datafield ind1='9' ind2='2' tag='999'>
        <subfield code='a'>c10111391</subfield>
        <subfield code='b'>nohr</subfield>
        <subfield code='c'>0</subfield>
      </datafield>
      <datafield ind1='9' ind2='3' tag='999'>
        <subfield code='0'>c10111391</subfield>
        <subfield code='2'>852</subfield>
        <subfield code='3'>c</subfield>
        <subfield code='h'>QD 257.7</subfield>
        <subfield code='i'>C911 1994</subfield>
        <subfield code='x'>*Reference (Earlier eds. in stacks)</subfield>
        <subfield code='x'>*Cuttered to shelve with earlier ed.</subfield>
      </datafield>
      <datafield ind1='9' ind2='3' tag='999'>
        <subfield code='0'>c10111391</subfield>
        <subfield code='2'>853</subfield>
        <subfield code='3'>g</subfield>
        <subfield code='8'>1</subfield>
        <subfield code='a'>v.</subfield>
        <subfield code='t'>c.</subfield>
      </datafield>
      <datafield ind1='9' ind2='2' tag='999'>
        <subfield code='a'>c2681125</subfield>
        <subfield code='b'>bbda</subfield>
        <subfield code='c'>0</subfield>
      </datafield>
      <datafield ind1='9' ind2='3' tag='999'>
        <subfield code='0'>c2681125</subfield>
        <subfield code='2'>852</subfield>
        <subfield code='3'>c</subfield>
        <subfield code='b'>586611</subfield>
        <subfield code='h'>QD257.7</subfield>
        <subfield code='i'>.H36 1994</subfield>
      </datafield>
      <datafield ind1='9' ind2='3' tag='999'>
        <subfield code='0'>c2681125</subfield>
        <subfield code='2'>853</subfield>
        <subfield code='3'>y</subfield>
        <subfield code='8'>1</subfield>
        <subfield code='a'>v.</subfield>
        <subfield code='t'>c.</subfield>
      </datafield>
  </record>