
  <record>
    <leader>00000pam a2200409 i 4500</leader>
      <controlfield tag='008'>160520s2017    mdua     bq   001 0 eng  </controlfield>
      <controlfield tag='001'>949750422</controlfield>
      <controlfield tag='003'>OCoLC</controlfield>
      <controlfield tag='005'>20170104144348.3</controlfield>
      <datafield ind1=' ' ind2=' ' tag='010'>
        <subfield code='a'>2016016385</subfield>
      </datafield>
      <datafield ind1=' ' ind2=' ' tag='020'>
        <subfield code='a'>9781442269880</subfield>
        <subfield code='q'>hardcover ;</subfield>
        <subfield code='q'>alkaline paper</subfield>
      </datafield>
      <datafield ind1=' ' ind2=' ' tag='020'>
        <subfield code='a'>144226988X</subfield>
        <subfield code='q'>hardcover ;</subfield>
        <subfield code='q'>alkaline paper</subfield>
      </datafield>
      <datafield ind1=' ' ind2=' ' tag='035'>
        <subfield code='a'>(OCoLC)949750422</subfield>
      </datafield>
      <datafield ind1=' ' ind2=' ' tag='040'>
        <subfield code='a'>DLC</subfield>
        <subfield code='b'>eng</subfield>
        <subfield code='e'>rda</subfield>
        <subfield code='c'>DLC</subfield>
        <subfield code='d'>YDXCP</subfield>
        <subfield code='d'>BDX</subfield>
        <subfield code='d'>BTCTA</subfield>
        <subfield code='d'>OCLCO</subfield>
        <subfield code='d'>OCLCF</subfield>
        <subfield code='d'>OCLCQ</subfield>
        <subfield code='d'>GK8</subfield>
        <subfield code='d'>NhCcYBP</subfield>
      </datafield>
      <datafield ind1=' ' ind2=' ' tag='042'>
        <subfield code='a'>pcc</subfield>
      </datafield>
      <datafield ind1='0' ind2='0' tag='050'>
        <subfield code='a'>PN2287.N5</subfield>
        <subfield code='b'>N46 2017</subfield>
      </datafield>
      <datafield ind1='0' ind2='0' tag='082'>
        <subfield code='a'>791.4302/8092</subfield>
        <subfield code='2'>23</subfield>
      </datafield>
      <datafield ind1='1' ind2=' ' tag='100'>
        <subfield code='a'>Neibaur, James L.,</subfield>
        <subfield code='d'>1958-</subfield>
        <subfield code='e'>author.</subfield>
      </datafield>
      <datafield ind1='1' ind2='4' tag='245'>
        <subfield code='a'>The essential Jack Nicholson /</subfield>
        <subfield code='c'>James L. Neibaur.</subfield>
      </datafield>
      <datafield ind1=' ' ind2='1' tag='264'>
        <subfield code='a'>Lanham, Maryland :</subfield>
        <subfield code='b'>Rowman &amp; Littlefield,</subfield>
        <subfield code='c'>[2017]</subfield>
      </datafield>
      <datafield ind1=' ' ind2=' ' tag='300'>
        <subfield code='a'>xvii, 193 pages ;</subfield>
        <subfield code='c'>24 cm</subfield>
      </datafield>
      <datafield ind1=' ' ind2=' ' tag='336'>
        <subfield code='a'>text</subfield>
        <subfield code='b'>txt</subfield>
        <subfield code='2'>rdacontent</subfield>
      </datafield>
      <datafield ind1=' ' ind2=' ' tag='337'>
        <subfield code='a'>unmediated</subfield>
        <subfield code='b'>n</subfield>
        <subfield code='2'>rdamedia</subfield>
      </datafield>
      <datafield ind1=' ' ind2=' ' tag='338'>
        <subfield code='a'>volume</subfield>
        <subfield code='b'>nc</subfield>
        <subfield code='2'>rdacarrier</subfield>
      </datafield>
      <datafield ind1=' ' ind2=' ' tag='504'>
        <subfield code='a'>Includes bibliographical references and index.</subfield>
      </datafield>
      <datafield ind1=' ' ind2=' ' tag='504'>
        <subfield code='a'>Includes filmography.</subfield>
      </datafield>
      <datafield ind1='0' ind2=' ' tag='505'>
        <subfield code='a'>Introduction -- Prologue: Jack Nicholson&apos;s early life -- Cry baby killer -- The little shop of horrors -- The raven -- The terror -- The shooting -- Ride the whirlwind -- Head -- Easy rider -- Five easy pieces -- Carnal knowledge -- The last detail -- Chinatown -- One flew over the cuckoo&apos;s nest -- Goin&apos; south -- The shining -- Reds -- Terms of endearment -- Prizzi&apos;s honor -- The witches of Eastwick -- Ironweed -- Batman -- A few good men -- Hoffa -- The crossing guard -- As good as it gets -- The pledge -- About Schmidt -- Anger management -- Something&apos;s gotta give -- The departed -- The bucket list -- How do you know -- Afterword.</subfield>
      </datafield>
      <datafield ind1='1' ind2='0' tag='600'>
        <subfield code='a'>Nicholson, Jack</subfield>
        <subfield code='x'>Criticism and interpretation.</subfield>
      </datafield>
      <datafield ind1='1' ind2='7' tag='600'>
        <subfield code='a'>Nicholson, Jack.</subfield>
        <subfield code='2'>fast</subfield>
        <subfield code='0'>(OCoLC)fst00106432</subfield>
      </datafield>
      <datafield ind1=' ' ind2='7' tag='655'>
        <subfield code='a'>Criticism, interpretation, etc.</subfield>
        <subfield code='2'>fast</subfield>
        <subfield code='0'>(OCoLC)fst01411635</subfield>
      </datafield>
      <datafield ind1='0' ind2='8' tag='776'>
        <subfield code='i'>Online version:</subfield>
        <subfield code='a'>Neibaur, James L., 1958- author.</subfield>
        <subfield code='t'>Essential Jack Nicholson.</subfield>
        <subfield code='d'>Lanham : Rowman &amp; Littlefield, 2016</subfield>
        <subfield code='z'>9781442269897</subfield>
        <subfield code='w'>(DLC)  2016024154</subfield>
      </datafield>
      <datafield ind1=' ' ind2=' ' tag='907'>
        <subfield code='a'>b8712591</subfield>
      </datafield>
      <datafield ind1='9' ind2='1' tag='999'>
        <subfield code='i'>i11239911</subfield>
        <subfield code='l'>ddda</subfield>
        <subfield code='s'>-</subfield>
        <subfield code='t'>0</subfield>
        <subfield code='c'>1</subfield>
        <subfield code='o'>0</subfield>
        <subfield code='b'>00050994361</subfield>
        <subfield code='p'>050</subfield>
        <subfield code='q'>|aPN2287.N5|bN46 2017</subfield>
      </datafield>
  </record>