
  <record>
    <leader>00000cam  2200337Ia 4500</leader>
      <controlfield tag='008'>960306s1995    nyua     bc   000 0 eng d</controlfield>
      <controlfield tag='001'>34317296</controlfield>
      <controlfield tag='003'>OCoLC</controlfield>
      <datafield ind1=' ' ind2=' ' tag='040'>
        <subfield code='a'>VSB</subfield>
        <subfield code='c'>VSB</subfield>
        <subfield code='d'>OCL</subfield>
      </datafield>
      <datafield ind1=' ' ind2=' ' tag='043'>
        <subfield code='a'>e------</subfield>
      </datafield>
      <datafield ind1='1' ind2='0' tag='245'>
        <subfield code='a'>19th century European paintings, drawings and sculpture, sale 6760 :</subfield>
        <subfield code='b'>including property from the estate of Marian Hausner Pauck ... : auction Wednesday, November 1, 1995 at 10:15 am and 2 pm ... exhibition May 20-23 ...</subfield>
      </datafield>
      <datafield ind1='3' ind2=' ' tag='246'>
        <subfield code='a'>19th century European paintings and sculpture</subfield>
      </datafield>
      <datafield ind1='3' ind2=' ' tag='246'>
        <subfield code='a'>Nineteenth century European paintings, drawings and sculpture</subfield>
      </datafield>
      <datafield ind1=' ' ind2=' ' tag='260'>
        <subfield code='a'>New York :</subfield>
        <subfield code='b'>Sotheby&apos;s,</subfield>
        <subfield code='c'>[1995]</subfield>
      </datafield>
      <datafield ind1=' ' ind2=' ' tag='300'>
        <subfield code='a'>1 v. (unpaged) :</subfield>
        <subfield code='b'>ill. (some col.) ;</subfield>
        <subfield code='c'>27 cm.</subfield>
      </datafield>
      <datafield ind1=' ' ind2=' ' tag='500'>
        <subfield code='a'>&quot;... this catalogue may be referred to as 6760 &apos;GEROME&apos;.&quot;</subfield>
      </datafield>
      <datafield ind1=' ' ind2=' ' tag='500'>
        <subfield code='a'>Sale results tipped in.</subfield>
      </datafield>
      <datafield ind1=' ' ind2=' ' tag='500'>
        <subfield code='a'>&quot;Date of sale: Wednesday, 1 November 1995&quot;</subfield>
      </datafield>
      <datafield ind1=' ' ind2=' ' tag='500'>
        <subfield code='a'>Includes estimated valuation prices.</subfield>
      </datafield>
      <datafield ind1=' ' ind2=' ' tag='504'>
        <subfield code='a'>Includes bibliographical references and index.</subfield>
      </datafield>
      <datafield ind1=' ' ind2='0' tag='650'>
        <subfield code='a'>Art auctions</subfield>
        <subfield code='z'>New York (State)</subfield>
        <subfield code='z'>New York.</subfield>
      </datafield>
      <datafield ind1=' ' ind2='0' tag='650'>
        <subfield code='a'>Art, European</subfield>
        <subfield code='y'>19th century</subfield>
        <subfield code='v'>Catalogs.</subfield>
      </datafield>
      <datafield ind1=' ' ind2='0' tag='650'>
        <subfield code='a'>Painting, European</subfield>
        <subfield code='v'>Catalogs.</subfield>
      </datafield>
      <datafield ind1=' ' ind2='0' tag='650'>
        <subfield code='a'>Drawing, European</subfield>
        <subfield code='v'>Catalogs.</subfield>
      </datafield>
      <datafield ind1=' ' ind2='0' tag='650'>
        <subfield code='a'>Sculpture, European</subfield>
        <subfield code='v'>Catalogs.</subfield>
      </datafield>
      <datafield ind1=' ' ind2='7' tag='655'>
        <subfield code='a'>Auction catalogs.</subfield>
        <subfield code='2'>rbgenr</subfield>
      </datafield>
      <datafield ind1='2' ind2=' ' tag='710'>
        <subfield code='a'>Sotheby&apos;s (Firm)</subfield>
      </datafield>
      <datafield ind1=' ' ind2=' ' tag='907'>
        <subfield code='a'>b7024593</subfield>
      </datafield>
      <datafield ind1='9' ind2='1' tag='999'>
        <subfield code='i'>i9445969</subfield>
        <subfield code='l'>traas</subfield>
        <subfield code='s'>o</subfield>
        <subfield code='t'>79</subfield>
        <subfield code='c'>1</subfield>
        <subfield code='o'>0</subfield>
        <subfield code='b'>00039999733</subfield>
        <subfield code='p'>099</subfield>
        <subfield code='q'>|aSotheby&apos;s 1995.11.01</subfield>
        <subfield code='n'>Please contact the Sloane Art Library for assistance.  Phone:  (919) 962-2397.  Email address: artlib_recall@listserv.unc.edu.</subfield>
      </datafield>
  </record>