
  <record>
    <leader>00000cam  2200229I  4500</leader>
      <controlfield tag='008'>880503s1957    maua          000 0 eng  </controlfield>
      <controlfield tag='001'>876665</controlfield>
      <controlfield tag='005'>19880503000000.0</controlfield>
      <datafield ind1=' ' ind2=' ' tag='010'>
        <subfield code='a'>57008898 /L</subfield>
      </datafield>
      <datafield ind1=' ' ind2=' ' tag='040'>
        <subfield code='a'>DLC</subfield>
        <subfield code='c'>DXU</subfield>
        <subfield code='d'>m.c.</subfield>
        <subfield code='d'>SER</subfield>
      </datafield>
      <datafield ind1='0' ind2=' ' tag='050'>
        <subfield code='a'>HC244</subfield>
        <subfield code='b'>.S6</subfield>
      </datafield>
      <datafield ind1=' ' ind2=' ' tag='082'>
        <subfield code='a'>330.943</subfield>
      </datafield>
      <datafield ind1='1' ind2=' ' tag='100'>
        <subfield code='a'>Spulber, Nicolas.</subfield>
      </datafield>
      <datafield ind1='1' ind2='4' tag='245'>
        <subfield code='a'>The economics of Communist Eastern Europe.</subfield>
      </datafield>
      <datafield ind1=' ' ind2=' ' tag='260'>
        <subfield code='a'>[Cambridge]</subfield>
        <subfield code='b'>Technology Press of Massachusetts Institute of Technology</subfield>
        <subfield code='c'>[1957]</subfield>
      </datafield>
      <datafield ind1=' ' ind2=' ' tag='300'>
        <subfield code='a'>525 p.</subfield>
        <subfield code='b'>illus.</subfield>
        <subfield code='c'>24 cm.</subfield>
      </datafield>
      <datafield ind1=' ' ind2='0' tag='651'>
        <subfield code='a'>Europe, Eastern</subfield>
        <subfield code='x'>Economic conditions.</subfield>
      </datafield>
      <datafield ind1=' ' ind2='0' tag='830'>
        <subfield code='a'>Technology Press books in the social sciences.</subfield>
      </datafield>
      <datafield ind1=' ' ind2=' ' tag='907'>
        <subfield code='a'>b1199643</subfield>
      </datafield>
      <datafield ind1='9' ind2='1' tag='999'>
        <subfield code='i'>i1350215</subfield>
        <subfield code='l'>ddda</subfield>
        <subfield code='s'>-</subfield>
        <subfield code='t'>0</subfield>
        <subfield code='c'>1</subfield>
        <subfield code='o'>12</subfield>
        <subfield code='b'>00020897763</subfield>
        <subfield code='p'>090</subfield>
        <subfield code='q'>|aHC244 .S6</subfield>
      </datafield>
  </record>