
  <record>
    <leader>00000cim  2200265Ia 4500</leader>
      <controlfield tag='008'>780201s1976    flunnn         l    eng d</controlfield>
      <controlfield tag='007'>ss emnjlc-----</controlfield>
      <controlfield tag='001'>3593688</controlfield>
      <controlfield tag='005'>19991229084748.0</controlfield>
      <datafield ind1='0' ind2='2' tag='028'>
        <subfield code='a'>64</subfield>
        <subfield code='b'>Everett/Edwards</subfield>
      </datafield>
      <datafield ind1=' ' ind2=' ' tag='040'>
        <subfield code='a'>UIU</subfield>
        <subfield code='c'>UIU</subfield>
        <subfield code='d'>OCL</subfield>
        <subfield code='d'>NOC</subfield>
      </datafield>
      <datafield ind1='1' ind2=' ' tag='100'>
        <subfield code='a'>Holman, C. Hugh</subfield>
        <subfield code='q'>(Clarence Hugh),</subfield>
        <subfield code='d'>1914-1981.</subfield>
      </datafield>
      <datafield ind1='1' ind2='4' tag='245'>
        <subfield code='a'>The short novels of Thomas Wolfe</subfield>
        <subfield code='h'>[sound recording] /</subfield>
        <subfield code='c'>lecturer, C. Hugh Holman.</subfield>
      </datafield>
      <datafield ind1=' ' ind2=' ' tag='260'>
        <subfield code='a'>Deland, Fla. :</subfield>
        <subfield code='b'>Everett/Edwards,</subfield>
        <subfield code='c'>p1976.</subfield>
      </datafield>
      <datafield ind1=' ' ind2=' ' tag='300'>
        <subfield code='a'>1 cassette (30 min.) :</subfield>
        <subfield code='b'>analog, mono.</subfield>
      </datafield>
      <datafield ind1=' ' ind2=' ' tag='306'>
        <subfield code='a'>003000</subfield>
      </datafield>
      <datafield ind1=' ' ind2=' ' tag='500'>
        <subfield code='a'>Special Collection material:  Use of audio or visual material may require production of listening or viewing copies before use.  Contact wilsonlibrary@unc.edu before visiting reading room for more information.</subfield>
      </datafield>
      <datafield ind1='1' ind2='0' tag='600'>
        <subfield code='a'>Wolfe, Thomas,</subfield>
        <subfield code='d'>1900-1938</subfield>
        <subfield code='x'>Criticism and interpretation.</subfield>
      </datafield>
      <datafield ind1=' ' ind2='0' tag='830'>
        <subfield code='a'>Cassette curriculum.</subfield>
        <subfield code='p'>20th century American writers ;</subfield>
        <subfield code='v'>no. 64.</subfield>
      </datafield>
      <datafield ind1=' ' ind2=' ' tag='907'>
        <subfield code='a'>b3286174</subfield>
      </datafield>
      <datafield ind1='9' ind2='1' tag='999'>
        <subfield code='i'>i4668526</subfield>
        <subfield code='l'>wbda</subfield>
        <subfield code='s'>o</subfield>
        <subfield code='t'>0</subfield>
        <subfield code='c'>1</subfield>
        <subfield code='o'>0</subfield>
        <subfield code='b'>HBIO-6210-00001</subfield>
        <subfield code='p'>099</subfield>
        <subfield code='q'>|aCassette CB W85h1</subfield>
        <subfield code='n'>Special Collection material:  Use of audio or visual material may require production of listening or viewing copies before use.  Contact wilsonlibrary@unc.edu before visiting reading room for more information.</subfield>
      </datafield>
      <datafield ind1='9' ind2='1' tag='999'>
        <subfield code='i'>i4668524</subfield>
        <subfield code='l'>wbwa</subfield>
        <subfield code='s'>o</subfield>
        <subfield code='t'>0</subfield>
        <subfield code='c'>1</subfield>
        <subfield code='o'>0</subfield>
        <subfield code='b'>HAYD-4023-00001</subfield>
        <subfield code='p'>099</subfield>
        <subfield code='q'>|aCassette CWB W85h1</subfield>
        <subfield code='n'>Special Collection material:  Use of audio or visual material may require production of listening or viewing copies before use.  Contact wilsonlibrary@unc.edu before visiting reading room for more information.</subfield>
      </datafield>
      <datafield ind1='9' ind2='2' tag='999'>
        <subfield code='a'>c3538111</subfield>
        <subfield code='b'>wbda</subfield>
        <subfield code='c'>0</subfield>
      </datafield>
      <datafield ind1='9' ind2='3' tag='999'>
        <subfield code='0'>c3538111</subfield>
        <subfield code='2'>852</subfield>
        <subfield code='3'>c</subfield>
        <subfield code='b'>572121</subfield>
        <subfield code='h'>Cassette</subfield>
        <subfield code='i'>CB</subfield>
        <subfield code='i'>W85h1</subfield>
      </datafield>
      <datafield ind1='9' ind2='3' tag='999'>
        <subfield code='0'>c3538111</subfield>
        <subfield code='2'>852</subfield>
        <subfield code='3'>e</subfield>
        <subfield code='p'>HBIO-6210-00001</subfield>
        <subfield code='t'>1</subfield>
      </datafield>
      <datafield ind1='9' ind2='2' tag='999'>
        <subfield code='a'>c3538112</subfield>
        <subfield code='b'>wbwa</subfield>
        <subfield code='c'>0</subfield>
      </datafield>
      <datafield ind1='9' ind2='3' tag='999'>
        <subfield code='0'>c3538112</subfield>
        <subfield code='2'>852</subfield>
        <subfield code='3'>c</subfield>
        <subfield code='b'>572151</subfield>
        <subfield code='h'>Cassette</subfield>
        <subfield code='i'>CWB</subfield>
        <subfield code='i'>W85h1</subfield>
      </datafield>
      <datafield ind1='9' ind2='3' tag='999'>
        <subfield code='0'>c3538112</subfield>
        <subfield code='2'>852</subfield>
        <subfield code='3'>e</subfield>
        <subfield code='p'>HAYD-4023-00001</subfield>
        <subfield code='t'>1</subfield>
      </datafield>
  </record>