
  <record>
    <leader>00000cam  2200217   4500</leader>
      <controlfield tag='008'>760527s1959    dcu    j bc   001 0 engm </controlfield>
      <controlfield tag='001'>2296564</controlfield>
      <controlfield tag='005'>19850513000000.0</controlfield>
      <datafield ind1=' ' ind2=' ' tag='010'>
        <subfield code='a'>74191423</subfield>
      </datafield>
      <datafield ind1=' ' ind2=' ' tag='040'>
        <subfield code='a'>DLC</subfield>
        <subfield code='c'>DLC</subfield>
        <subfield code='d'>m.c.</subfield>
        <subfield code='d'>NOC</subfield>
      </datafield>
      <datafield ind1=' ' ind2=' ' tag='043'>
        <subfield code='a'>e------</subfield>
        <subfield code='a'>n-us---</subfield>
      </datafield>
      <datafield ind1=' ' ind2=' ' tag='082'>
        <subfield code='a'>016.914</subfield>
      </datafield>
      <datafield ind1='1' ind2=' ' tag='100'>
        <subfield code='a'>Doyle, Mary V.</subfield>
      </datafield>
      <datafield ind1='1' ind2='2' tag='245'>
        <subfield code='a'>A bibliography of juvenile holdings in the Library of Congress in classification D (European history): DH, DJ, DK, DL, DP, DQ,</subfield>
        <subfield code='c'>by Mary V. Doyle.</subfield>
      </datafield>
      <datafield ind1=' ' ind2=' ' tag='260'>
        <subfield code='a'>Washington,</subfield>
        <subfield code='c'>1959.</subfield>
      </datafield>
      <datafield ind1=' ' ind2=' ' tag='300'>
        <subfield code='a'>82 p.</subfield>
        <subfield code='c'>28 cm.</subfield>
      </datafield>
      <datafield ind1=' ' ind2=' ' tag='502'>
        <subfield code='a'>Thesis (M.A.)--Catholic University of America.</subfield>
      </datafield>
      <datafield ind1='2' ind2='0' tag='610'>
        <subfield code='a'>Library of Congress.</subfield>
      </datafield>
      <datafield ind1=' ' ind2='0' tag='651'>
        <subfield code='a'>Europe</subfield>
        <subfield code='x'>History</subfield>
        <subfield code='x'>Juvenile literature</subfield>
        <subfield code='v'>Bibliography</subfield>
        <subfield code='v'>Catalogs.</subfield>
      </datafield>
      <datafield ind1=' ' ind2='0' tag='651'>
        <subfield code='a'>Europe</subfield>
        <subfield code='x'>Description and travel</subfield>
        <subfield code='x'>Juvenile literature</subfield>
        <subfield code='v'>Bibliography</subfield>
        <subfield code='v'>Catalogs.</subfield>
      </datafield>
      <datafield ind1='2' ind2=' ' tag='710'>
        <subfield code='a'>Library of Congress.</subfield>
      </datafield>
      <datafield ind1=' ' ind2=' ' tag='907'>
        <subfield code='a'>b1384379</subfield>
      </datafield>
      <datafield ind1='9' ind2='1' tag='999'>
        <subfield code='i'>i1907773</subfield>
        <subfield code='l'>llda</subfield>
        <subfield code='s'>-</subfield>
        <subfield code='t'>0</subfield>
        <subfield code='c'>1</subfield>
        <subfield code='o'>0</subfield>
        <subfield code='b'>00025498827</subfield>
        <subfield code='p'>090</subfield>
        <subfield code='q'>|aZ2000 .D68</subfield>
      </datafield>
  </record>