
  <record>
    <leader>00000cam  2200205Ia 4500</leader>
      <controlfield tag='008'>920810s1990    ilu          s000 0 eng d</controlfield>
      <controlfield tag='001'>25595594</controlfield>
      <controlfield tag='005'>19921214083617.6</controlfield>
      <datafield ind1=' ' ind2=' ' tag='040'>
        <subfield code='a'>ILU</subfield>
        <subfield code='c'>ILU</subfield>
        <subfield code='d'>NOC</subfield>
      </datafield>
      <datafield ind1=' ' ind2=' ' tag='043'>
        <subfield code='a'>n-us-il</subfield>
      </datafield>
      <datafield ind1='1' ind2=' ' tag='100'>
        <subfield code='a'>Sandage, C. H.</subfield>
        <subfield code='q'>(Charles Harold),</subfield>
        <subfield code='d'>1902-1998.</subfield>
      </datafield>
      <datafield ind1='1' ind2='0' tag='245'>
        <subfield code='a'>Evolution of advertising at the University of Illinois /</subfield>
        <subfield code='c'>Charles H. Sandage.</subfield>
      </datafield>
      <datafield ind1=' ' ind2=' ' tag='260'>
        <subfield code='a'>Urbana-Champaign, Ill. :</subfield>
        <subfield code='b'>Dept. of Advertising, University of Illinois,</subfield>
        <subfield code='c'>1990.</subfield>
      </datafield>
      <datafield ind1=' ' ind2=' ' tag='300'>
        <subfield code='a'>25 leaves ;</subfield>
        <subfield code='c'>28 cm.</subfield>
      </datafield>
      <datafield ind1=' ' ind2='0' tag='650'>
        <subfield code='a'>Advertising</subfield>
        <subfield code='x'>Study and teaching</subfield>
        <subfield code='z'>Illinois.</subfield>
      </datafield>
      <datafield ind1=' ' ind2='0' tag='830'>
        <subfield code='a'>Advertising working papers ;</subfield>
        <subfield code='v'>paper no. 25.</subfield>
      </datafield>
      <datafield ind1=' ' ind2=' ' tag='907'>
        <subfield code='a'>b2433265</subfield>
      </datafield>
      <datafield ind1='9' ind2='1' tag='999'>
        <subfield code='i'>i3491527</subfield>
        <subfield code='l'>trln</subfield>
        <subfield code='s'>-</subfield>
        <subfield code='t'>0</subfield>
        <subfield code='c'>1</subfield>
        <subfield code='o'>0</subfield>
        <subfield code='b'>00007663067</subfield>
        <subfield code='p'>090</subfield>
        <subfield code='q'>|aHF5815.I35 S263 1990</subfield>
      </datafield>
  </record>