
  <record>
    <leader>00000cam  2200325 i 4500</leader>
      <controlfield tag='006'>m    |   d |</controlfield>
      <controlfield tag='008'>851028s1815    nhu     o     000 0 eng d</controlfield>
      <controlfield tag='007'>cr mn mmmmabba</controlfield>
      <controlfield tag='001'>aas04300770</controlfield>
      <controlfield tag='005'>20021212165253.0</controlfield>
      <datafield ind1=' ' ind2=' ' tag='040'>
        <subfield code='a'>CSt</subfield>
        <subfield code='c'>MWA</subfield>
      </datafield>
      <datafield ind1='1' ind2=' ' tag='100'>
        <subfield code='a'>Litch, Samuel.</subfield>
      </datafield>
      <datafield ind1='1' ind2='3' tag='245'>
        <subfield code='a'>An address on the industry of Washington</subfield>
        <subfield code='h'>[electronic resource] :</subfield>
        <subfield code='b'>delivered before the Washington Benevolent Society, at Jaffrey, Oct. 16, &apos;15 /</subfield>
        <subfield code='c'>by a member.</subfield>
      </datafield>
      <datafield ind1=' ' ind2=' ' tag='260'>
        <subfield code='a'>Jaffrey, N.H. :</subfield>
        <subfield code='b'>Salmon Wilder, printer,</subfield>
        <subfield code='c'>1815.</subfield>
      </datafield>
      <datafield ind1=' ' ind2=' ' tag='300'>
        <subfield code='a'>1 online resource (23 p.)</subfield>
      </datafield>
      <datafield ind1=' ' ind2=' ' tag='500'>
        <subfield code='a'>Includes (p. 20-23) two poems:  Solomon&apos;s happy reign and magnificent temple, a Masonic song, original; and Christmas, or The birth of the Savior.</subfield>
      </datafield>
      <datafield ind1='1' ind2=' ' tag='506'>
        <subfield code='a'>Access limited to UNC Chapel Hill-authenticated users.</subfield>
        <subfield code='f'>Unlimited simultaneous users</subfield>
      </datafield>
      <datafield ind1='4' ind2=' ' tag='510'>
        <subfield code='a'>Shaw &amp; Shoemaker</subfield>
        <subfield code='c'>35114</subfield>
      </datafield>
      <datafield ind1=' ' ind2=' ' tag='588'>
        <subfield code='a'>Description based on microform record.</subfield>
      </datafield>
      <datafield ind1='1' ind2='0' tag='600'>
        <subfield code='a'>Washington, George,</subfield>
        <subfield code='d'>1732-1799.</subfield>
      </datafield>
      <datafield ind1='2' ind2=' ' tag='710'>
        <subfield code='a'>Washington Benevolent Society (Jaffrey, N.H.)</subfield>
      </datafield>
      <datafield ind1=' ' ind2=' ' tag='752'>
        <subfield code='a'>United States</subfield>
        <subfield code='b'>New Hampshire</subfield>
        <subfield code='d'>Jaffrey.</subfield>
      </datafield>
      <datafield ind1='0' ind2=' ' tag='773'>
        <subfield code='t'>Early American imprints, series 2: Shaw-Shoemaker (online collection)</subfield>
      </datafield>
      <datafield ind1='4' ind2='0' tag='856'>
        <subfield code='y'>Full text available via the UNC-Chapel Hill Libraries</subfield>
        <subfield code='u'>http://libproxy.lib.unc.edu/login?url=http://opac.newsbank.com/select/shaw/35114</subfield>
      </datafield>
      <datafield ind1=' ' ind2=' ' tag='907'>
        <subfield code='a'>b6724290</subfield>
      </datafield>
  </record>