
  <record>
    <leader>00000cam  2200265 i 4500</leader>
      <controlfield tag='008'>750607s1975    nju      b    001 0 eng  </controlfield>
      <controlfield tag='001'>1502492</controlfield>
      <controlfield tag='005'>19850417000000.0</controlfield>
      <datafield ind1=' ' ind2=' ' tag='010'>
        <subfield code='a'>75017936</subfield>
      </datafield>
      <datafield ind1=' ' ind2=' ' tag='020'>
        <subfield code='a'>0874717507</subfield>
      </datafield>
      <datafield ind1=' ' ind2=' ' tag='040'>
        <subfield code='a'>DLC</subfield>
        <subfield code='c'>DLC</subfield>
        <subfield code='d'>NOC</subfield>
      </datafield>
      <datafield ind1=' ' ind2=' ' tag='043'>
        <subfield code='a'>a------</subfield>
      </datafield>
      <datafield ind1='0' ind2=' ' tag='050'>
        <subfield code='a'>DS5</subfield>
      </datafield>
      <datafield ind1=' ' ind2=' ' tag='082'>
        <subfield code='a'>016.01695</subfield>
      </datafield>
      <datafield ind1='1' ind2=' ' tag='100'>
        <subfield code='a'>Besterman, Theodore,</subfield>
        <subfield code='d'>1904-1976.</subfield>
      </datafield>
      <datafield ind1='1' ind2='2' tag='245'>
        <subfield code='a'>A world bibliography of Oriental bibliographies /</subfield>
        <subfield code='c'>by Theodore Besterman ; rev. and brought up to date by J. D. Pearson.</subfield>
      </datafield>
      <datafield ind1=' ' ind2=' ' tag='260'>
        <subfield code='a'>Totowa, N.J. :</subfield>
        <subfield code='b'>Rowman and Littlefield,</subfield>
        <subfield code='c'>1975.</subfield>
      </datafield>
      <datafield ind1=' ' ind2=' ' tag='300'>
        <subfield code='a'>727 columns ;</subfield>
        <subfield code='c'>27 cm.</subfield>
      </datafield>
      <datafield ind1=' ' ind2=' ' tag='500'>
        <subfield code='a'>Includes index.</subfield>
      </datafield>
      <datafield ind1=' ' ind2=' ' tag='504'>
        <subfield code='a'>Includes bibliographies listed in the 4th ed. of the author&apos;s A world bibliography of bibliographies.</subfield>
      </datafield>
      <datafield ind1=' ' ind2='0' tag='651'>
        <subfield code='a'>Asia</subfield>
        <subfield code='v'>Bibliography of bibliographies.</subfield>
      </datafield>
      <datafield ind1='1' ind2=' ' tag='700'>
        <subfield code='a'>Pearson, J. D.</subfield>
        <subfield code='q'>(James Douglas),</subfield>
        <subfield code='d'>1911-1997.</subfield>
      </datafield>
      <datafield ind1=' ' ind2=' ' tag='907'>
        <subfield code='a'>b1291659</subfield>
      </datafield>
      <datafield ind1='9' ind2='1' tag='999'>
        <subfield code='i'>i1544472</subfield>
        <subfield code='l'>trln</subfield>
        <subfield code='s'>-</subfield>
        <subfield code='t'>0</subfield>
        <subfield code='c'>1</subfield>
        <subfield code='o'>0</subfield>
        <subfield code='b'>00044068329</subfield>
        <subfield code='p'>090</subfield>
        <subfield code='q'>|aZ3001.A1 B47</subfield>
      </datafield>
  </record>