
  <record>
    <leader>00000cgm a2200541Ia 4500</leader>
      <controlfield tag='007'>vf cbahou</controlfield>
      <controlfield tag='008'>020620p20022001xx 112            vleng d</controlfield>
      <controlfield tag='001'>50030227</controlfield>
      <controlfield tag='005'>20020903173928.0</controlfield>
      <datafield ind1=' ' ind2=' ' tag='020'>
        <subfield code='a'>1589711858</subfield>
      </datafield>
      <datafield ind1='4' ind2='2' tag='028'>
        <subfield code='a'>ST7980</subfield>
        <subfield code='b'>Lions Gate Home Entertainment</subfield>
      </datafield>
      <datafield ind1=' ' ind2=' ' tag='040'>
        <subfield code='a'>IKG</subfield>
        <subfield code='c'>IKG</subfield>
        <subfield code='d'>JED</subfield>
        <subfield code='d'>NOC</subfield>
      </datafield>
      <datafield ind1='0' ind2='0' tag='245'>
        <subfield code='a'>Monster&apos;s ball</subfield>
        <subfield code='h'>[videocassette] /</subfield>
        <subfield code='c'>Lions Gate Films presents a Lee Daniels Entertainment production ; producer, Lee Daniels ; writers, Milo Addica, Will Rokos ; director, Marc Forster.</subfield>
      </datafield>
      <datafield ind1=' ' ind2=' ' tag='260'>
        <subfield code='a'>[S.l.] :</subfield>
        <subfield code='b'>Lions Gate Home Entertainment :</subfield>
        <subfield code='b'>Studio S Home Entertainment,</subfield>
        <subfield code='c'>2002, c2001.</subfield>
      </datafield>
      <datafield ind1=' ' ind2=' ' tag='300'>
        <subfield code='a'>1 videocassette (112 min.) :</subfield>
        <subfield code='b'>sd., col. ;</subfield>
        <subfield code='c'>1/2 in.</subfield>
      </datafield>
      <datafield ind1=' ' ind2=' ' tag='500'>
        <subfield code='a'>Run time: approx. 111 min.</subfield>
      </datafield>
      <datafield ind1=' ' ind2=' ' tag='500'>
        <subfield code='a'>Originally produced or released in 2001.</subfield>
      </datafield>
      <datafield ind1=' ' ind2=' ' tag='508'>
        <subfield code='a'>Director of photography, Roberto Schaefer ; editor, Matt Chessé ; music composer, Asche and Spencer ; costume designer, Frank Fleming ; production designer, Monroe Kelly.</subfield>
      </datafield>
      <datafield ind1='1' ind2=' ' tag='511'>
        <subfield code='a'>Billy Bob Thornton, Heath Ledger, Halle Berry, Sean Combs, Mos Def, Will Rokos, Milo Addica, Coronji Calhoun, Peter Boyle.</subfield>
      </datafield>
      <datafield ind1=' ' ind2=' ' tag='520'>
        <subfield code='a'>Hank and Leticia inhabit stark, queasy realities of the contemporary South, he as a death row corrections officer and she as the soon-to-be widow of an inmate whose execution Hank helps conduct. In the aftermath of the execution, both lose their children to tragic deaths and they form an unlikely bond.</subfield>
      </datafield>
      <datafield ind1=' ' ind2=' ' tag='538'>
        <subfield code='a'>VHS.</subfield>
      </datafield>
      <datafield ind1=' ' ind2=' ' tag='546'>
        <subfield code='a'>Closed-captioned.</subfield>
      </datafield>
      <datafield ind1=' ' ind2=' ' tag='586'>
        <subfield code='a'>Academy Award, 2002: Best Actress in a Leading Role (Halle Berry)</subfield>
      </datafield>
      <datafield ind1=' ' ind2='0' tag='650'>
        <subfield code='a'>Man-woman relationships</subfield>
        <subfield code='v'>Drama.</subfield>
      </datafield>
      <datafield ind1=' ' ind2='0' tag='650'>
        <subfield code='a'>Racism</subfield>
        <subfield code='v'>Drama.</subfield>
      </datafield>
      <datafield ind1=' ' ind2='7' tag='655'>
        <subfield code='a'>Drama.</subfield>
        <subfield code='2'>local</subfield>
      </datafield>
      <datafield ind1=' ' ind2=' ' tag='691'>
        <subfield code='a'>USA.</subfield>
      </datafield>
      <datafield ind1='1' ind2=' ' tag='700'>
        <subfield code='a'>Daniels, Lee,</subfield>
        <subfield code='d'>1959-</subfield>
      </datafield>
      <datafield ind1='1' ind2=' ' tag='700'>
        <subfield code='a'>Addica, Milo.</subfield>
      </datafield>
      <datafield ind1='1' ind2=' ' tag='700'>
        <subfield code='a'>Rokos, Will.</subfield>
      </datafield>
      <datafield ind1='1' ind2=' ' tag='700'>
        <subfield code='a'>Forster, Marc,</subfield>
        <subfield code='d'>1969-</subfield>
        <subfield code='4'>drt</subfield>
      </datafield>
      <datafield ind1='1' ind2=' ' tag='700'>
        <subfield code='a'>Thornton, Billy Bob.</subfield>
      </datafield>
      <datafield ind1='1' ind2=' ' tag='700'>
        <subfield code='a'>Ledger, Heath,</subfield>
        <subfield code='d'>1979-2008.</subfield>
      </datafield>
      <datafield ind1='1' ind2=' ' tag='700'>
        <subfield code='a'>Berry, Halle.</subfield>
      </datafield>
      <datafield ind1='0' ind2=' ' tag='700'>
        <subfield code='a'>Diddy,</subfield>
        <subfield code='d'>1969-</subfield>
      </datafield>
      <datafield ind1='0' ind2=' ' tag='700'>
        <subfield code='a'>Mos Def</subfield>
        <subfield code='c'>(Rapper)</subfield>
      </datafield>
      <datafield ind1='1' ind2=' ' tag='700'>
        <subfield code='a'>Calhoun, Coronji.</subfield>
      </datafield>
      <datafield ind1='1' ind2=' ' tag='700'>
        <subfield code='a'>Boyle, Peter,</subfield>
        <subfield code='d'>1935-2006.</subfield>
      </datafield>
      <datafield ind1='2' ind2=' ' tag='710'>
        <subfield code='a'>Lions Gate Films.</subfield>
      </datafield>
      <datafield ind1='2' ind2=' ' tag='710'>
        <subfield code='a'>Lee Daniels Entertainment (Firm)</subfield>
      </datafield>
      <datafield ind1='2' ind2=' ' tag='710'>
        <subfield code='a'>Lions Gate Home Entertainment.</subfield>
      </datafield>
      <datafield ind1=' ' ind2=' ' tag='907'>
        <subfield code='a'>b4183928</subfield>
      </datafield>
      <datafield ind1='9' ind2='1' tag='999'>
        <subfield code='i'>i5735583</subfield>
        <subfield code='l'>uldal</subfield>
        <subfield code='s'>o</subfield>
        <subfield code='t'>57</subfield>
        <subfield code='c'>1</subfield>
        <subfield code='o'>20</subfield>
        <subfield code='b'>00015399784</subfield>
        <subfield code='p'>099</subfield>
        <subfield code='q'>|a65-V8417</subfield>
      </datafield>
  </record>