
  <record>
    <leader>00000cam  2200421 a 4500</leader>
      <controlfield tag='008'>090828s2010    nyu           000 0deng  </controlfield>
      <controlfield tag='001'>426800434</controlfield>
      <controlfield tag='003'>OCoLC</controlfield>
      <controlfield tag='005'>20100422120932.0</controlfield>
      <datafield ind1=' ' ind2=' ' tag='010'>
        <subfield code='a'>2009036224</subfield>
      </datafield>
      <datafield ind1=' ' ind2=' ' tag='020'>
        <subfield code='a'>9781594488979</subfield>
      </datafield>
      <datafield ind1=' ' ind2=' ' tag='020'>
        <subfield code='a'>1594488975</subfield>
      </datafield>
      <datafield ind1=' ' ind2=' ' tag='035'>
        <subfield code='a'>(OCoLC)426800434</subfield>
      </datafield>
      <datafield ind1=' ' ind2=' ' tag='040'>
        <subfield code='a'>DLC</subfield>
        <subfield code='c'>DLC</subfield>
        <subfield code='d'>BTCTA</subfield>
        <subfield code='d'>YDXCP</subfield>
        <subfield code='d'>BWX</subfield>
        <subfield code='d'>IH7</subfield>
        <subfield code='d'>UPZ</subfield>
        <subfield code='d'>MOF</subfield>
        <subfield code='d'>VP@</subfield>
      </datafield>
      <datafield ind1=' ' ind2=' ' tag='043'>
        <subfield code='a'>e-it---</subfield>
        <subfield code='a'>n-us---</subfield>
        <subfield code='a'>e-rm---</subfield>
      </datafield>
      <datafield ind1=' ' ind2=' ' tag='049'>
        <subfield code='a'>NOCC</subfield>
      </datafield>
      <datafield ind1='0' ind2='0' tag='050'>
        <subfield code='a'>CT275.B83795</subfield>
        <subfield code='b'>A3 2010</subfield>
      </datafield>
      <datafield ind1='0' ind2='0' tag='082'>
        <subfield code='a'>945.091092/2</subfield>
        <subfield code='2'>22</subfield>
      </datafield>
      <datafield ind1='1' ind2=' ' tag='100'>
        <subfield code='a'>Butturini, Paula.</subfield>
      </datafield>
      <datafield ind1='1' ind2='0' tag='245'>
        <subfield code='a'>Keeping the feast :</subfield>
        <subfield code='b'>one couple&apos;s story of love, food, and healing in Italy /</subfield>
        <subfield code='c'>Paula Butturini.</subfield>
      </datafield>
      <datafield ind1=' ' ind2=' ' tag='260'>
        <subfield code='a'>New York :</subfield>
        <subfield code='b'>Riverhead Books,</subfield>
        <subfield code='c'>2010.</subfield>
      </datafield>
      <datafield ind1=' ' ind2=' ' tag='300'>
        <subfield code='a'>259 p. ;</subfield>
        <subfield code='c'>22 cm.</subfield>
      </datafield>
      <datafield ind1=' ' ind2=' ' tag='520'>
        <subfield code='a'>A story of food and love, injury and healing, &quot;Keeping the Feast&quot; is the triumphant memoir of one couple&apos;s nourishment and restoration in Italy after a period of tragedy, and the extraordinary sustaining powers of food, family, and friendship.</subfield>
      </datafield>
      <datafield ind1='1' ind2='0' tag='600'>
        <subfield code='a'>Butturini, Paula.</subfield>
      </datafield>
      <datafield ind1='1' ind2='0' tag='600'>
        <subfield code='a'>Butturini, Paula</subfield>
        <subfield code='x'>Marriage.</subfield>
      </datafield>
      <datafield ind1=' ' ind2='0' tag='650'>
        <subfield code='a'>Married people</subfield>
        <subfield code='z'>United States</subfield>
        <subfield code='v'>Biography.</subfield>
      </datafield>
      <datafield ind1=' ' ind2='0' tag='650'>
        <subfield code='a'>Married people</subfield>
        <subfield code='z'>Italy</subfield>
        <subfield code='v'>Biography.</subfield>
      </datafield>
      <datafield ind1=' ' ind2='0' tag='650'>
        <subfield code='a'>Cooking</subfield>
        <subfield code='z'>Italy</subfield>
        <subfield code='x'>Psychological aspects.</subfield>
      </datafield>
      <datafield ind1=' ' ind2='0' tag='650'>
        <subfield code='a'>Victims of violent crimes</subfield>
        <subfield code='z'>Romania</subfield>
        <subfield code='v'>Biography.</subfield>
      </datafield>
      <datafield ind1=' ' ind2='0' tag='650'>
        <subfield code='a'>Gunshot wounds</subfield>
        <subfield code='v'>Case studies.</subfield>
      </datafield>
      <datafield ind1=' ' ind2='0' tag='650'>
        <subfield code='a'>Wound healing</subfield>
        <subfield code='z'>Italy</subfield>
        <subfield code='v'>Case studies.</subfield>
      </datafield>
      <datafield ind1=' ' ind2='0' tag='650'>
        <subfield code='a'>Mental healing</subfield>
        <subfield code='z'>Italy</subfield>
        <subfield code='v'>Case studies.</subfield>
      </datafield>
      <datafield ind1=' ' ind2='0' tag='651'>
        <subfield code='a'>Italy</subfield>
        <subfield code='x'>Social life and customs.</subfield>
      </datafield>
      <datafield ind1=' ' ind2=' ' tag='907'>
        <subfield code='a'>b6292250</subfield>
      </datafield>
      <datafield ind1='9' ind2='1' tag='999'>
        <subfield code='i'>i8226649</subfield>
        <subfield code='l'>ddda</subfield>
        <subfield code='s'>-</subfield>
        <subfield code='t'>0</subfield>
        <subfield code='c'>1</subfield>
        <subfield code='o'>3</subfield>
        <subfield code='b'>00034105977</subfield>
        <subfield code='p'>050</subfield>
        <subfield code='q'>|aCT275.B83795|bA3 2010</subfield>
      </datafield>
  </record>