
  <record>
    <leader>00000cam a2200253Li 4500</leader>
      <controlfield tag='007'>hgraob---bzcu</controlfield>
      <controlfield tag='008'>840105s1808    xx      c     000 0 eng d</controlfield>
      <controlfield tag='001'>15456733</controlfield>
      <controlfield tag='005'>19960618134819.0</controlfield>
      <datafield ind1=' ' ind2=' ' tag='040'>
        <subfield code='a'>STF</subfield>
        <subfield code='c'>STF</subfield>
        <subfield code='d'>OCL</subfield>
      </datafield>
      <datafield ind1='1' ind2=' ' tag='100'>
        <subfield code='a'>Piercy, William</subfield>
        <subfield code='d'>1744-1819.</subfield>
      </datafield>
      <datafield ind1='1' ind2='4' tag='245'>
        <subfield code='a'>The clergyman and people&apos;s remembrancer</subfield>
        <subfield code='h'>[microform] :</subfield>
        <subfield code='b'>or, an essay upon the importance of the ministerial character ... agreeable to the doctrines ... of our Episcopal Church /</subfield>
        <subfield code='c'>by William Percy.</subfield>
      </datafield>
      <datafield ind1=' ' ind2=' ' tag='260'>
        <subfield code='a'>Charleston (S.C.) :</subfield>
        <subfield code='b'>Printed by J. Hoff,</subfield>
        <subfield code='c'>1808.</subfield>
      </datafield>
      <datafield ind1=' ' ind2=' ' tag='300'>
        <subfield code='a'>124, [1] p.</subfield>
      </datafield>
      <datafield ind1=' ' ind2=' ' tag='500'>
        <subfield code='a'>Includes (p. [125]: Errata.</subfield>
      </datafield>
      <datafield ind1='4' ind2=' ' tag='510'>
        <subfield code='a'>Shaw &amp; Shoemaker,</subfield>
        <subfield code='c'>15895.</subfield>
      </datafield>
      <datafield ind1=' ' ind2=' ' tag='533'>
        <subfield code='a'>Microopaque.</subfield>
        <subfield code='b'>Worcester, Mass. :</subfield>
        <subfield code='c'>American Antiquarian Society,</subfield>
        <subfield code='d'>1969.</subfield>
        <subfield code='e'>2 microopaques ; 23 x 15 cm.</subfield>
        <subfield code='f'>(Early American imprints.  Second series ; no. 15895).</subfield>
      </datafield>
      <datafield ind1=' ' ind2=' ' tag='539'>
        <subfield code='a'>s</subfield>
        <subfield code='b'>1969</subfield>
        <subfield code='d'>scu</subfield>
        <subfield code='e'>n</subfield>
      </datafield>
      <datafield ind1='2' ind2='0' tag='610'>
        <subfield code='a'>Episcopal Church</subfield>
        <subfield code='x'>Clergy.</subfield>
      </datafield>
      <datafield ind1=' ' ind2=' ' tag='752'>
        <subfield code='a'>United States</subfield>
        <subfield code='b'>South Carolina</subfield>
        <subfield code='d'>Charleston.</subfield>
      </datafield>
      <datafield ind1=' ' ind2='0' tag='830'>
        <subfield code='a'>Early American imprints.</subfield>
        <subfield code='n'>Second series ;</subfield>
        <subfield code='v'>no. 15895.</subfield>
      </datafield>
      <datafield ind1=' ' ind2=' ' tag='907'>
        <subfield code='a'>b2895225</subfield>
      </datafield>
      <datafield ind1='9' ind2='1' tag='999'>
        <subfield code='i'>i4133351</subfield>
        <subfield code='l'>dgdaf</subfield>
        <subfield code='s'>-</subfield>
        <subfield code='t'>26</subfield>
        <subfield code='c'>1</subfield>
        <subfield code='o'>0</subfield>
        <subfield code='b'>HATK-1862-00001</subfield>
        <subfield code='p'>099</subfield>
        <subfield code='q'>|a1-3 no. 15895.</subfield>
      </datafield>
  </record>