
  <record>
    <leader>00000cam  2200241   4500</leader>
      <controlfield tag='008'>850618s1973    au       b    000 0 engm </controlfield>
      <controlfield tag='001'>933643</controlfield>
      <controlfield tag='005'>19850618000000.0</controlfield>
      <datafield ind1=' ' ind2=' ' tag='010'>
        <subfield code='a'>74170227 //r85</subfield>
      </datafield>
      <datafield ind1=' ' ind2=' ' tag='015'>
        <subfield code='a'>Au73-16-115</subfield>
      </datafield>
      <datafield ind1=' ' ind2=' ' tag='040'>
        <subfield code='a'>DLC</subfield>
        <subfield code='c'>DLC</subfield>
        <subfield code='d'>m.c.</subfield>
        <subfield code='d'>NOC</subfield>
      </datafield>
      <datafield ind1=' ' ind2=' ' tag='082'>
        <subfield code='a'>821/.7</subfield>
      </datafield>
      <datafield ind1='1' ind2=' ' tag='100'>
        <subfield code='a'>Salama, Adel.</subfield>
      </datafield>
      <datafield ind1='1' ind2='0' tag='245'>
        <subfield code='a'>Shelley&apos;s major poems.</subfield>
        <subfield code='b'>A re-interpretation.</subfield>
      </datafield>
      <datafield ind1=' ' ind2=' ' tag='260'>
        <subfield code='a'>Salzburg,</subfield>
        <subfield code='b'>Inst. f. Engl. Sprache u. Literatur, Univ. Salzburg,</subfield>
        <subfield code='c'>1973.</subfield>
      </datafield>
      <datafield ind1=' ' ind2=' ' tag='300'>
        <subfield code='a'>337 p.</subfield>
        <subfield code='c'>21 cm.</subfield>
      </datafield>
      <datafield ind1=' ' ind2=' ' tag='500'>
        <subfield code='a'>A revision of the author&apos;s thesis, University of Liverpool, 1963.</subfield>
      </datafield>
      <datafield ind1=' ' ind2=' ' tag='504'>
        <subfield code='a'>Bibliography: p. 316-337.</subfield>
      </datafield>
      <datafield ind1='1' ind2='0' tag='600'>
        <subfield code='a'>Shelley, Percy Bysshe,</subfield>
        <subfield code='d'>1792-1822.</subfield>
      </datafield>
      <datafield ind1=' ' ind2='0' tag='830'>
        <subfield code='a'>Salzburg studies in English literature.</subfield>
        <subfield code='p'>Romantic reassessment ;</subfield>
        <subfield code='v'>9.</subfield>
      </datafield>
      <datafield ind1=' ' ind2=' ' tag='907'>
        <subfield code='a'>b1208750</subfield>
      </datafield>
      <datafield ind1='9' ind2='1' tag='999'>
        <subfield code='i'>i1365633</subfield>
        <subfield code='l'>ddda</subfield>
        <subfield code='s'>-</subfield>
        <subfield code='t'>0</subfield>
        <subfield code='c'>1</subfield>
        <subfield code='o'>4</subfield>
        <subfield code='b'>00014707098</subfield>
        <subfield code='p'>090</subfield>
        <subfield code='q'>|aPR5438 .S18 1973</subfield>
      </datafield>
  </record>