
  <record>
    <leader>00000cam  2200301 a 4500</leader>
      <controlfield tag='008'>900502s1991    nyua   j      000 0 eng  </controlfield>
      <controlfield tag='001'>21906186</controlfield>
      <controlfield tag='005'>19950707102757.0</controlfield>
      <datafield ind1=' ' ind2=' ' tag='010'>
        <subfield code='a'>90038527 /AC</subfield>
      </datafield>
      <datafield ind1=' ' ind2=' ' tag='020'>
        <subfield code='a'>0688096255 :</subfield>
        <subfield code='c'>$13.95</subfield>
      </datafield>
      <datafield ind1=' ' ind2=' ' tag='020'>
        <subfield code='a'>0688096263 (lib. bdg.)</subfield>
      </datafield>
      <datafield ind1=' ' ind2=' ' tag='020'>
        <subfield code='a'>0688101976 (pbk.)</subfield>
      </datafield>
      <datafield ind1=' ' ind2=' ' tag='040'>
        <subfield code='a'>DLC</subfield>
        <subfield code='c'>DLC</subfield>
        <subfield code='d'>NOC</subfield>
      </datafield>
      <datafield ind1='0' ind2='0' tag='050'>
        <subfield code='a'>HQ769.5</subfield>
        <subfield code='b'>.L66 1991</subfield>
      </datafield>
      <datafield ind1='0' ind2='0' tag='082'>
        <subfield code='a'>649/.1/0248</subfield>
        <subfield code='2'>20</subfield>
      </datafield>
      <datafield ind1='1' ind2=' ' tag='100'>
        <subfield code='a'>Loomis, Christine.</subfield>
      </datafield>
      <datafield ind1='1' ind2='0' tag='245'>
        <subfield code='a'>My new baby-sitter /</subfield>
        <subfield code='c'>Christine Loomis ; photographs by George Ancona.</subfield>
      </datafield>
      <datafield ind1=' ' ind2=' ' tag='260'>
        <subfield code='a'>New York :</subfield>
        <subfield code='b'>Morrow Junior Books,</subfield>
        <subfield code='c'>c1991.</subfield>
      </datafield>
      <datafield ind1=' ' ind2=' ' tag='300'>
        <subfield code='a'>48 p. :</subfield>
        <subfield code='b'>col. ill. ;</subfield>
        <subfield code='c'>24 cm.</subfield>
      </datafield>
      <datafield ind1=' ' ind2=' ' tag='520'>
        <subfield code='a'>Explores real-life caregiving situations with reassurance and insight in a story for children and a &quot;Note to Parents&quot; offers essential advice about how to choose a caregiver.</subfield>
      </datafield>
      <datafield ind1=' ' ind2='0' tag='650'>
        <subfield code='a'>Babysitting</subfield>
        <subfield code='v'>Juvenile literature.</subfield>
      </datafield>
      <datafield ind1=' ' ind2='1' tag='650'>
        <subfield code='a'>Babysitters.</subfield>
      </datafield>
      <datafield ind1='1' ind2=' ' tag='700'>
        <subfield code='a'>Ancona, George,</subfield>
        <subfield code='e'>illustrator.</subfield>
      </datafield>
      <datafield ind1=' ' ind2=' ' tag='907'>
        <subfield code='a'>b2726737</subfield>
      </datafield>
      <datafield ind1='9' ind2='1' tag='999'>
        <subfield code='i'>i3920298</subfield>
        <subfield code='l'>lljd</subfield>
        <subfield code='s'>-</subfield>
        <subfield code='t'>22</subfield>
        <subfield code='c'>1</subfield>
        <subfield code='o'>0</subfield>
        <subfield code='b'>00011863897</subfield>
        <subfield code='p'>099</subfield>
        <subfield code='q'>|aJ649.1 Loomis</subfield>
      </datafield>
  </record>