
  <record>
    <leader>00000naa  22003133i 4500</leader>
      <controlfield tag='006'>m     o  d</controlfield>
      <controlfield tag='008'>090110s2009    vau|||||s|||||||||||eng|d</controlfield>
      <controlfield tag='007'>cr |n||||||||a</controlfield>
      <controlfield tag='001'>ASPS000012042/bltc</controlfield>
      <controlfield tag='003'>VaAlASP</controlfield>
      <controlfield tag='005'>20090319161050.0</controlfield>
      <datafield ind1=' ' ind2=' ' tag='035'>
        <subfield code='a'>(OCoLC)593566561</subfield>
      </datafield>
      <datafield ind1=' ' ind2=' ' tag='040'>
        <subfield code='a'>VaAlASP</subfield>
      </datafield>
      <datafield ind1='1' ind2=' ' tag='100'>
        <subfield code='a'>Thurman, Wallace,</subfield>
        <subfield code='d'>1902-1934.</subfield>
      </datafield>
      <datafield ind1='1' ind2='0' tag='245'>
        <subfield code='a'>Author&apos;s preface</subfield>
        <subfield code='h'>[electronic resource] /</subfield>
        <subfield code='c'>by Wallace Thurman.</subfield>
      </datafield>
      <datafield ind1=' ' ind2=' ' tag='250'>
        <subfield code='a'>[1st electronic ed.]</subfield>
      </datafield>
      <datafield ind1=' ' ind2=' ' tag='260'>
        <subfield code='a'>New Brunswick, NJ:</subfield>
        <subfield code='b'>Rutgers University Press,</subfield>
        <subfield code='c'>2003.</subfield>
      </datafield>
      <datafield ind1=' ' ind2=' ' tag='500'>
        <subfield code='a'>Title from HTML t.p. (viewed Mar. 19, 2009)</subfield>
      </datafield>
      <datafield ind1='1' ind2=' ' tag='506'>
        <subfield code='a'>Access limited to UNC Chapel Hill-authenticated users.</subfield>
        <subfield code='f'>Unlimited simultaneous users</subfield>
      </datafield>
      <datafield ind1='0' ind2=' ' tag='773'>
        <subfield code='t'>Black thought and culture (online collection)</subfield>
      </datafield>
      <datafield ind1=' ' ind2='0' tag='830'>
        <subfield code='a'>Collected Writings of Wallace Thurman: A Harlem Renaissance Reader, Aunt Hagar&apos;s Children (Online) ;</subfield>
        <subfield code='v'>pp. 234-235.</subfield>
      </datafield>
      <datafield ind1='4' ind2='0' tag='856'>
        <subfield code='y'>Full text available via the UNC-Chapel Hill Libraries</subfield>
        <subfield code='u'>http://libproxy.lib.unc.edu/login?url=http://www.aspresolver.com/aspresolver.asp?BLTC;S12042</subfield>
        <subfield code='x'>Black thought and culture</subfield>
      </datafield>
      <datafield ind1=' ' ind2=' ' tag='907'>
        <subfield code='a'>b5903987</subfield>
      </datafield>
  </record>