
  <record>
    <leader>00000cam  22003018a 4500</leader>
      <controlfield tag='008'>980724s1998    at       b    001 0 eng d</controlfield>
      <controlfield tag='001'>39839488</controlfield>
      <controlfield tag='005'>20010322132051.0</controlfield>
      <datafield ind1=' ' ind2=' ' tag='020'>
        <subfield code='a'>0731523792</subfield>
      </datafield>
      <datafield ind1=' ' ind2=' ' tag='040'>
        <subfield code='a'>AUT</subfield>
        <subfield code='c'>AUT</subfield>
        <subfield code='d'>GZM</subfield>
        <subfield code='d'>NOC</subfield>
      </datafield>
      <datafield ind1=' ' ind2=' ' tag='043'>
        <subfield code='a'>u-at---</subfield>
        <subfield code='a'>a-io---</subfield>
      </datafield>
      <datafield ind1=' ' ind2='4' tag='050'>
        <subfield code='a'>DU113.5.I5</subfield>
        <subfield code='b'>B75 1998</subfield>
      </datafield>
      <datafield ind1='0' ind2='0' tag='245'>
        <subfield code='a'>Bridging the Arafura Sea :</subfield>
        <subfield code='b'>Australia-Indonesia relations in prosperity and adversity /</subfield>
        <subfield code='c'>[edited by] Idris F. Sulaiman, G. Hanafi Sofyan and Shannon Luke Smith.</subfield>
      </datafield>
      <datafield ind1=' ' ind2=' ' tag='260'>
        <subfield code='a'>Canberra :</subfield>
        <subfield code='b'>National Centre for Development Studies,</subfield>
        <subfield code='c'>1998.</subfield>
      </datafield>
      <datafield ind1=' ' ind2=' ' tag='300'>
        <subfield code='a'>xxi, 325 p. ; 21 cm.</subfield>
      </datafield>
      <datafield ind1=' ' ind2=' ' tag='504'>
        <subfield code='a'>Includes bibliographical references (p. 314-319) and index.</subfield>
      </datafield>
      <datafield ind1=' ' ind2='0' tag='651'>
        <subfield code='a'>Australia</subfield>
        <subfield code='x'>Relations</subfield>
        <subfield code='z'>Indonesia.</subfield>
      </datafield>
      <datafield ind1=' ' ind2='0' tag='651'>
        <subfield code='a'>Indonesia</subfield>
        <subfield code='x'>Relations</subfield>
        <subfield code='z'>Australia.</subfield>
      </datafield>
      <datafield ind1=' ' ind2='0' tag='651'>
        <subfield code='a'>Australia</subfield>
        <subfield code='x'>Foreign economic relations</subfield>
        <subfield code='z'>Indonesia.</subfield>
      </datafield>
      <datafield ind1=' ' ind2='0' tag='651'>
        <subfield code='a'>Indonesia</subfield>
        <subfield code='x'>Foreign economic relations</subfield>
        <subfield code='z'>Australia.</subfield>
      </datafield>
      <datafield ind1='1' ind2=' ' tag='700'>
        <subfield code='a'>Sulaiman, Idris F.</subfield>
      </datafield>
      <datafield ind1='1' ind2=' ' tag='700'>
        <subfield code='a'>Sofyan, Hanafi.</subfield>
      </datafield>
      <datafield ind1='1' ind2=' ' tag='700'>
        <subfield code='a'>Smith, Shannon L.</subfield>
      </datafield>
      <datafield ind1='2' ind2=' ' tag='710'>
        <subfield code='a'>Australian National University.</subfield>
        <subfield code='b'>National Centre for Development Studies.</subfield>
      </datafield>
      <datafield ind1=' ' ind2='0' tag='830'>
        <subfield code='a'>Development issues (Australian National University. National Centre for Development Studies) ;</subfield>
        <subfield code='v'>no. 10.</subfield>
      </datafield>
      <datafield ind1=' ' ind2=' ' tag='907'>
        <subfield code='a'>b3791564</subfield>
      </datafield>
      <datafield ind1='9' ind2='1' tag='999'>
        <subfield code='i'>i5267192</subfield>
        <subfield code='l'>ddda</subfield>
        <subfield code='s'>-</subfield>
        <subfield code='t'>0</subfield>
        <subfield code='c'>1</subfield>
        <subfield code='o'>1</subfield>
        <subfield code='b'>00018840104</subfield>
        <subfield code='p'>090</subfield>
        <subfield code='q'>|aDU113.5.I5 B75 1998</subfield>
      </datafield>
  </record>