
  <record>
    <leader>00000cam  2200241 a 4500</leader>
      <controlfield tag='008'>890119s1988    gw ac    b    001 0dger c</controlfield>
      <controlfield tag='001'>18327161</controlfield>
      <controlfield tag='005'>19890119000000.0</controlfield>
      <datafield ind1=' ' ind2=' ' tag='010'>
        <subfield code='a'>88139207 //r88</subfield>
      </datafield>
      <datafield ind1=' ' ind2=' ' tag='020'>
        <subfield code='a'>3766330896</subfield>
      </datafield>
      <datafield ind1=' ' ind2=' ' tag='040'>
        <subfield code='a'>DLC/CU</subfield>
        <subfield code='c'>CUY</subfield>
        <subfield code='d'>DLC</subfield>
        <subfield code='d'>NOC</subfield>
      </datafield>
      <datafield ind1=' ' ind2=' ' tag='043'>
        <subfield code='a'>e-gw---</subfield>
        <subfield code='a'>e-gx---</subfield>
      </datafield>
      <datafield ind1='1' ind2=' ' tag='100'>
        <subfield code='a'>Kaiser, Jakob,</subfield>
        <subfield code='d'>1888-1961.</subfield>
      </datafield>
      <datafield ind1='1' ind2='0' tag='245'>
        <subfield code='a'>Jakob Kaiser, Gewerkschafter und Patriot :</subfield>
        <subfield code='b'>eine Werkauswahl /</subfield>
        <subfield code='c'>herausgegeben und eingeleitet von Tilman Mayer.</subfield>
      </datafield>
      <datafield ind1=' ' ind2=' ' tag='260'>
        <subfield code='a'>Köln :</subfield>
        <subfield code='b'>Bund,</subfield>
        <subfield code='c'>c1988.</subfield>
      </datafield>
      <datafield ind1=' ' ind2=' ' tag='300'>
        <subfield code='a'>710 p. :</subfield>
        <subfield code='b'>ill., ports. ;</subfield>
        <subfield code='c'>22 cm.</subfield>
      </datafield>
      <datafield ind1=' ' ind2=' ' tag='500'>
        <subfield code='a'>Includes index.</subfield>
      </datafield>
      <datafield ind1=' ' ind2=' ' tag='504'>
        <subfield code='a'>Bibliography: p. 699-706.</subfield>
      </datafield>
      <datafield ind1='1' ind2='0' tag='600'>
        <subfield code='a'>Kaiser, Jakob,</subfield>
        <subfield code='d'>1888-1961.</subfield>
      </datafield>
      <datafield ind1=' ' ind2='0' tag='651'>
        <subfield code='a'>Germany (West)</subfield>
        <subfield code='x'>Politics and government.</subfield>
      </datafield>
      <datafield ind1=' ' ind2='0' tag='651'>
        <subfield code='a'>Germany</subfield>
        <subfield code='x'>Politics and government</subfield>
        <subfield code='y'>1918-1933.</subfield>
      </datafield>
      <datafield ind1=' ' ind2='0' tag='651'>
        <subfield code='a'>Germany</subfield>
        <subfield code='x'>Politics and government</subfield>
        <subfield code='y'>1933-1945.</subfield>
      </datafield>
      <datafield ind1='1' ind2=' ' tag='700'>
        <subfield code='a'>Mayer, Tilman,</subfield>
        <subfield code='d'>1953-</subfield>
      </datafield>
      <datafield ind1=' ' ind2=' ' tag='907'>
        <subfield code='a'>b2260841</subfield>
      </datafield>
      <datafield ind1='9' ind2='1' tag='999'>
        <subfield code='i'>i3256842</subfield>
        <subfield code='l'>trln</subfield>
        <subfield code='s'>-</subfield>
        <subfield code='t'>0</subfield>
        <subfield code='c'>1</subfield>
        <subfield code='o'>1</subfield>
        <subfield code='b'>00004369702</subfield>
        <subfield code='p'>090</subfield>
        <subfield code='q'>|aDD247.K27 A25 1988</subfield>
      </datafield>
  </record>