
  <record>
    <leader>00000nam a2200373 ia4500</leader>
      <controlfield tag='006'>m    fo  d f</controlfield>
      <controlfield tag='007'>cr bn nnnauuuu</controlfield>
      <controlfield tag='008'>160223s1978    dcu     ob   f000 0 eng d</controlfield>
      <controlfield tag='001'>ccn00689329</controlfield>
      <datafield ind1=' ' ind2=' ' tag='040'>
        <subfield code='a'>NjRocCCS</subfield>
        <subfield code='b'>eng</subfield>
        <subfield code='e'>rda</subfield>
        <subfield code='c'>NjRocCCS</subfield>
      </datafield>
      <datafield ind1=' ' ind2=' ' tag='043'>
        <subfield code='a'>n-us---</subfield>
      </datafield>
      <datafield ind1=' ' ind2='4' tag='050'>
        <subfield code='a'>KF26</subfield>
        <subfield code='b'>.C698 1978a</subfield>
      </datafield>
      <datafield ind1='0' ind2=' ' tag='086'>
        <subfield code='a'>Y 4.C 73/7:95-70</subfield>
      </datafield>
      <datafield ind1='1' ind2=' ' tag='110'>
        <subfield code='a'>United States.</subfield>
        <subfield code='b'>Congress.</subfield>
        <subfield code='b'>Senate.</subfield>
        <subfield code='b'>Committee on Commerce, Science, and Transportation.</subfield>
        <subfield code='b'>Subcommittee on Surface Transportation,</subfield>
        <subfield code='e'>author.</subfield>
      </datafield>
      <datafield ind1='1' ind2='0' tag='245'>
        <subfield code='a'>National Railroad Passenger Corporation Authorization Act of 1978 :</subfield>
        <subfield code='b'>hearings before the Subcommittee on Surface Transportation of the Committee on Commerce, Science, and Transportation, United States Senate, Ninety-fifth Congress, second session on S. 2478, to amend the Rail Passenger Service Act to extend the authorizations of appropriations for an additional fiscal year, to provide for public consideration and implementation of a rail passenger service study, and for other purposes, March 10 and 13, 1978.</subfield>
      </datafield>
      <datafield ind1=' ' ind2='1' tag='264'>
        <subfield code='a'>Washington :</subfield>
        <subfield code='b'>U.S. Government Printing Office,</subfield>
        <subfield code='c'>1978.</subfield>
      </datafield>
      <datafield ind1=' ' ind2='2' tag='264'>
        <subfield code='a'>[Getzville, NY] :</subfield>
        <subfield code='b'>William S. Hein &amp; Company,</subfield>
        <subfield code='c'>[2015]</subfield>
      </datafield>
      <datafield ind1=' ' ind2=' ' tag='300'>
        <subfield code='a'>1 online resource (iv, 172 pages).</subfield>
      </datafield>
      <datafield ind1=' ' ind2=' ' tag='336'>
        <subfield code='a'>text</subfield>
        <subfield code='2'>rdacontent</subfield>
      </datafield>
      <datafield ind1=' ' ind2=' ' tag='337'>
        <subfield code='a'>computer</subfield>
        <subfield code='2'>rdamedia</subfield>
      </datafield>
      <datafield ind1=' ' ind2=' ' tag='338'>
        <subfield code='a'>online resource</subfield>
        <subfield code='2'>rdacarrier</subfield>
      </datafield>
      <datafield ind1=' ' ind2=' ' tag='500'>
        <subfield code='a'>&quot;Serial no. 95-70.&quot;</subfield>
      </datafield>
      <datafield ind1=' ' ind2=' ' tag='504'>
        <subfield code='a'>Includes bibliographical references (pages 170-172).</subfield>
      </datafield>
      <datafield ind1=' ' ind2=' ' tag='588'>
        <subfield code='a'>Description based on PDF title page, viewed February 23, 2016.</subfield>
      </datafield>
      <datafield ind1='2' ind2='0' tag='610'>
        <subfield code='a'>Amtrak</subfield>
        <subfield code='x'>Appropriations and expenditures.</subfield>
      </datafield>
      <datafield ind1=' ' ind2='7' tag='655'>
        <subfield code='a'>Legislative hearings.</subfield>
        <subfield code='2'>lcgft</subfield>
      </datafield>
      <datafield ind1='0' ind2='8' tag='776'>
        <subfield code='c'>Original</subfield>
        <subfield code='w'>(DLC)   78602108</subfield>
      </datafield>
      <datafield ind1=' ' ind2='0' tag='830'>
        <subfield code='a'>U.S. Congressional documents.</subfield>
        <subfield code='p'>Congressional hearings.</subfield>
      </datafield>
      <datafield ind1='4' ind2='0' tag='856'>
        <subfield code='3'>HeinOnline U.S. Congressional Documents Collection</subfield>
        <subfield code='u'>http://libproxy.lib.unc.edu/login?url=http://www.heinonline.org/HOL/Page?handle=hein.cbhear/natrrpc0001&amp;id=1&amp;size=2&amp;collection=congrec&amp;index=cbhear</subfield>
        <subfield code='y'>Full text available via the UNC-Chapel Hill Libraries</subfield>
      </datafield>
      <datafield ind1=' ' ind2=' ' tag='907'>
        <subfield code='a'>b8439463</subfield>
      </datafield>
  </record>