
  <record>
    <leader>00000cam  2200181   4500</leader>
      <controlfield tag='008'>851011s1973    vtu           000 1 eng  </controlfield>
      <controlfield tag='001'>763831</controlfield>
      <controlfield tag='005'>19851011000000.0</controlfield>
      <datafield ind1=' ' ind2=' ' tag='010'>
        <subfield code='a'>73086273</subfield>
      </datafield>
      <datafield ind1=' ' ind2=' ' tag='020'>
        <subfield code='a'>0913780049</subfield>
        <subfield code='c'>$3.00</subfield>
      </datafield>
      <datafield ind1=' ' ind2=' ' tag='040'>
        <subfield code='a'>DLC</subfield>
        <subfield code='c'>DLC</subfield>
        <subfield code='d'>NOC</subfield>
      </datafield>
      <datafield ind1='0' ind2=' ' tag='050'>
        <subfield code='a'>PZ4.B78786</subfield>
        <subfield code='b'>Ne</subfield>
        <subfield code='a'>PS3552.O8775</subfield>
      </datafield>
      <datafield ind1=' ' ind2=' ' tag='082'>
        <subfield code='a'>813/.5/4</subfield>
      </datafield>
      <datafield ind1='1' ind2=' ' tag='100'>
        <subfield code='a'>Boyd, Blanche M.,</subfield>
        <subfield code='d'>1945-</subfield>
      </datafield>
      <datafield ind1='1' ind2='0' tag='245'>
        <subfield code='a'>Nerves;</subfield>
        <subfield code='b'>a novel</subfield>
        <subfield code='c'>[by] Blanche M. Boyd.</subfield>
      </datafield>
      <datafield ind1=' ' ind2=' ' tag='250'>
        <subfield code='a'>[1st ed.]</subfield>
      </datafield>
      <datafield ind1=' ' ind2=' ' tag='260'>
        <subfield code='a'>Plainfield, Vt.,</subfield>
        <subfield code='b'>Daughters, inc.</subfield>
        <subfield code='c'>[1973]</subfield>
      </datafield>
      <datafield ind1=' ' ind2=' ' tag='300'>
        <subfield code='a'>169 p.</subfield>
        <subfield code='c'>22 cm.</subfield>
      </datafield>
      <datafield ind1=' ' ind2=' ' tag='907'>
        <subfield code='a'>b1179316</subfield>
      </datafield>
      <datafield ind1='9' ind2='1' tag='999'>
        <subfield code='i'>i1315935</subfield>
        <subfield code='l'>ddda</subfield>
        <subfield code='s'>-</subfield>
        <subfield code='t'>0</subfield>
        <subfield code='c'>1</subfield>
        <subfield code='o'>3</subfield>
        <subfield code='b'>10002381655</subfield>
        <subfield code='p'>090</subfield>
        <subfield code='q'>|aPS3552.O8775 N4</subfield>
      </datafield>
  </record>