
  <record>
    <leader>00000nam  2200337 a 4500</leader>
      <controlfield tag='008'>060317s2006    onca          000 f eng d</controlfield>
      <controlfield tag='001'>68109669</controlfield>
      <controlfield tag='003'>OCoLC</controlfield>
      <controlfield tag='005'>20070212083520.0</controlfield>
      <datafield ind1=' ' ind2=' ' tag='010'>
        <subfield code='a'>2006386903</subfield>
      </datafield>
      <datafield ind1=' ' ind2=' ' tag='016'>
        <subfield code='a'>20059069481</subfield>
      </datafield>
      <datafield ind1=' ' ind2=' ' tag='020'>
        <subfield code='a'>1896951945 (pbk.)</subfield>
      </datafield>
      <datafield ind1=' ' ind2=' ' tag='020'>
        <subfield code='a'>9781896951942 (pbk.)</subfield>
      </datafield>
      <datafield ind1=' ' ind2=' ' tag='040'>
        <subfield code='a'>NYP</subfield>
        <subfield code='c'>NYP</subfield>
        <subfield code='d'>DLC</subfield>
        <subfield code='d'>BAKER</subfield>
        <subfield code='d'>GZM</subfield>
        <subfield code='d'>NLC</subfield>
        <subfield code='d'>YDXCP</subfield>
      </datafield>
      <datafield ind1=' ' ind2=' ' tag='042'>
        <subfield code='a'>lccopycat</subfield>
      </datafield>
      <datafield ind1=' ' ind2=' ' tag='049'>
        <subfield code='a'>NOCC</subfield>
      </datafield>
      <datafield ind1='0' ind2='0' tag='050'>
        <subfield code='a'>PR9199.3.K44215</subfield>
        <subfield code='b'>P87 2006</subfield>
      </datafield>
      <datafield ind1='0' ind2='2' tag='055'>
        <subfield code='a'>PS8571*</subfield>
      </datafield>
      <datafield ind1=' ' ind2='3' tag='055'>
        <subfield code='a'>PS8571 I52837</subfield>
        <subfield code='b'>P87 2006</subfield>
      </datafield>
      <datafield ind1='0' ind2='0' tag='055'>
        <subfield code='a'>PS8571 I52837</subfield>
        <subfield code='b'>P87 2006</subfield>
      </datafield>
      <datafield ind1='0' ind2='0' tag='082'>
        <subfield code='a'>813/.54</subfield>
        <subfield code='2'>22</subfield>
      </datafield>
      <datafield ind1='1' ind2=' ' tag='100'>
        <subfield code='a'>King, James,</subfield>
        <subfield code='d'>1942-</subfield>
      </datafield>
      <datafield ind1='1' ind2='0' tag='245'>
        <subfield code='a'>Pure inventions :</subfield>
        <subfield code='b'>a novel /</subfield>
        <subfield code='c'>by James King.</subfield>
      </datafield>
      <datafield ind1=' ' ind2=' ' tag='260'>
        <subfield code='a'>Toronto :</subfield>
        <subfield code='b'>Cormorant Books,</subfield>
        <subfield code='c'>c2006.</subfield>
      </datafield>
      <datafield ind1=' ' ind2=' ' tag='300'>
        <subfield code='a'>246 p. :</subfield>
        <subfield code='b'>ill. ;</subfield>
        <subfield code='c'>22 cm.</subfield>
      </datafield>
      <datafield ind1=' ' ind2='7' tag='655'>
        <subfield code='a'>Historical fiction.</subfield>
        <subfield code='2'>lcgft</subfield>
      </datafield>
      <datafield ind1=' ' ind2=' ' tag='907'>
        <subfield code='a'>b4959406</subfield>
      </datafield>
      <datafield ind1='9' ind2='1' tag='999'>
        <subfield code='i'>i6536525</subfield>
        <subfield code='l'>ddda</subfield>
        <subfield code='s'>-</subfield>
        <subfield code='t'>0</subfield>
        <subfield code='c'>1</subfield>
        <subfield code='o'>0</subfield>
        <subfield code='b'>00026441994</subfield>
        <subfield code='p'>050</subfield>
        <subfield code='q'>|aPR9199.3.K44215|bP87 2006</subfield>
      </datafield>
  </record>