
  <record>
    <leader>00000cam  22003134a 4500</leader>
      <controlfield tag='008'>021125s2002    it h     b    001 0 lat c</controlfield>
      <controlfield tag='001'>51067830</controlfield>
      <controlfield tag='005'>20030821140245.0</controlfield>
      <datafield ind1=' ' ind2=' ' tag='020'>
        <subfield code='a'>8884980526</subfield>
      </datafield>
      <datafield ind1=' ' ind2=' ' tag='040'>
        <subfield code='a'>C3L</subfield>
        <subfield code='c'>C3L</subfield>
        <subfield code='d'>OCLCQ</subfield>
        <subfield code='d'>CGU</subfield>
        <subfield code='d'>NOC</subfield>
      </datafield>
      <datafield ind1='0' ind2=' ' tag='041'>
        <subfield code='a'>ita</subfield>
        <subfield code='a'>lat</subfield>
      </datafield>
      <datafield ind1=' ' ind2=' ' tag='042'>
        <subfield code='a'>pcc</subfield>
      </datafield>
      <datafield ind1=' ' ind2=' ' tag='043'>
        <subfield code='a'>e-it---</subfield>
      </datafield>
      <datafield ind1=' ' ind2=' ' tag='045'>
        <subfield code='a'>o0s9</subfield>
      </datafield>
      <datafield ind1=' ' ind2='4' tag='050'>
        <subfield code='a'>PA8477.B76</subfield>
        <subfield code='b'>D43 2002</subfield>
      </datafield>
      <datafield ind1='1' ind2='4' tag='082'>
        <subfield code='a'>878</subfield>
      </datafield>
      <datafield ind1='1' ind2=' ' tag='100'>
        <subfield code='a'>Bracciolini, Poggio,</subfield>
        <subfield code='d'>1380-1459.</subfield>
      </datafield>
      <datafield ind1='1' ind2='0' tag='245'>
        <subfield code='a'>De vera nobilitate /</subfield>
        <subfield code='c'>Poggio Bracciolini ; a cura di Davide Canfora.</subfield>
      </datafield>
      <datafield ind1=' ' ind2=' ' tag='260'>
        <subfield code='a'>Roma :</subfield>
        <subfield code='b'>Edizioni di storia e letteratura,</subfield>
        <subfield code='c'>2002.</subfield>
      </datafield>
      <datafield ind1=' ' ind2=' ' tag='300'>
        <subfield code='a'>cxcvi, 53 p. :</subfield>
        <subfield code='b'>facsims. ;</subfield>
        <subfield code='c'>21 cm.</subfield>
      </datafield>
      <datafield ind1=' ' ind2=' ' tag='504'>
        <subfield code='a'>Includes bibliographical references and indexes.</subfield>
      </datafield>
      <datafield ind1=' ' ind2='0' tag='650'>
        <subfield code='a'>Virtue</subfield>
        <subfield code='v'>Early works to 1800.</subfield>
      </datafield>
      <datafield ind1='1' ind2=' ' tag='700'>
        <subfield code='a'>Canfora, Davide.</subfield>
      </datafield>
      <datafield ind1=' ' ind2='0' tag='830'>
        <subfield code='a'>Edizione nazionale dei testi umanistici ;</subfield>
        <subfield code='v'>6.</subfield>
      </datafield>
      <datafield ind1=' ' ind2=' ' tag='907'>
        <subfield code='a'>b4332192</subfield>
      </datafield>
      <datafield ind1='9' ind2='1' tag='999'>
        <subfield code='i'>i5913932</subfield>
        <subfield code='l'>ddda</subfield>
        <subfield code='s'>-</subfield>
        <subfield code='t'>0</subfield>
        <subfield code='c'>1</subfield>
        <subfield code='o'>4</subfield>
        <subfield code='b'>00022621192</subfield>
        <subfield code='p'>090</subfield>
        <subfield code='q'>|aPA8477.B76 D43 2002</subfield>
      </datafield>
  </record>