
  <record>
    <leader>00000cam  2200325Ia 4500</leader>
      <controlfield tag='008'>031223s2004    meub     b    001 0 eng d</controlfield>
      <controlfield tag='001'>53950181</controlfield>
      <controlfield tag='005'>20040204161629.0</controlfield>
      <datafield ind1=' ' ind2=' ' tag='020'>
        <subfield code='a'>1567512461 (pbk.)</subfield>
      </datafield>
      <datafield ind1=' ' ind2=' ' tag='020'>
        <subfield code='a'>156751247X</subfield>
      </datafield>
      <datafield ind1=' ' ind2=' ' tag='040'>
        <subfield code='a'>CGE</subfield>
        <subfield code='c'>CGE</subfield>
        <subfield code='d'>VVC</subfield>
        <subfield code='d'>NOC</subfield>
      </datafield>
      <datafield ind1=' ' ind2=' ' tag='043'>
        <subfield code='a'>n-us---</subfield>
        <subfield code='a'>a-iq---</subfield>
      </datafield>
      <datafield ind1='1' ind2=' ' tag='100'>
        <subfield code='a'>Everest, Larry.</subfield>
      </datafield>
      <datafield ind1='1' ind2='0' tag='245'>
        <subfield code='a'>Oil, power and empire :</subfield>
        <subfield code='b'>Iraq and the U.S. global agenda /</subfield>
        <subfield code='c'>Larry Everest.</subfield>
      </datafield>
      <datafield ind1=' ' ind2=' ' tag='260'>
        <subfield code='a'>Monroe, Me. :</subfield>
        <subfield code='b'>Common Courage Press,</subfield>
        <subfield code='c'>2004.</subfield>
      </datafield>
      <datafield ind1=' ' ind2=' ' tag='300'>
        <subfield code='a'>391 p. :</subfield>
        <subfield code='b'>maps ;</subfield>
        <subfield code='c'>24 cm.</subfield>
      </datafield>
      <datafield ind1=' ' ind2=' ' tag='504'>
        <subfield code='a'>Includes bibliographical references (p. [342]-376) and index.</subfield>
      </datafield>
      <datafield ind1='0' ind2=' ' tag='505'>
        <subfield code='a'>&quot;Go, massive. Sweep it all up&quot; -- Iraqis -not present at the creation -- Saddam Hussein&apos;s American train -- Arming Iraq : double-dealing death in the Gulf -- &quot;We have to have a war&quot; -- Germ warfare : America&apos;s weapon of mass destruction -- The great WMD flim flam -- A growing clamor for regime change -- Operation Iraqi colonization -- Oil, power &amp; empire -- The bitter fruits of unjust war.</subfield>
      </datafield>
      <datafield ind1=' ' ind2='0' tag='650'>
        <subfield code='a'>Iraq War, 2003-2011.</subfield>
      </datafield>
      <datafield ind1=' ' ind2='0' tag='650'>
        <subfield code='a'>Imperialism.</subfield>
      </datafield>
      <datafield ind1=' ' ind2='0' tag='651'>
        <subfield code='a'>United States</subfield>
        <subfield code='x'>Foreign relations</subfield>
        <subfield code='y'>2001-2009.</subfield>
      </datafield>
      <datafield ind1=' ' ind2='0' tag='651'>
        <subfield code='a'>United States</subfield>
        <subfield code='x'>Politics and government</subfield>
        <subfield code='y'>2001-2009.</subfield>
      </datafield>
      <datafield ind1=' ' ind2='0' tag='651'>
        <subfield code='a'>United States</subfield>
        <subfield code='x'>Military policy.</subfield>
      </datafield>
      <datafield ind1=' ' ind2='0' tag='651'>
        <subfield code='a'>United States</subfield>
        <subfield code='x'>Foreign relations</subfield>
        <subfield code='z'>Iraq.</subfield>
      </datafield>
      <datafield ind1=' ' ind2='0' tag='651'>
        <subfield code='a'>Iraq</subfield>
        <subfield code='x'>Foreign relations</subfield>
        <subfield code='z'>United States.</subfield>
      </datafield>
      <datafield ind1=' ' ind2=' ' tag='907'>
        <subfield code='a'>b4406968</subfield>
      </datafield>
      <datafield ind1='9' ind2='1' tag='999'>
        <subfield code='i'>i6006064</subfield>
        <subfield code='l'>ddda</subfield>
        <subfield code='s'>-</subfield>
        <subfield code='t'>0</subfield>
        <subfield code='c'>1</subfield>
        <subfield code='o'>8</subfield>
        <subfield code='b'>00023112622</subfield>
        <subfield code='p'>090</subfield>
        <subfield code='q'>|aDS79.76 .E947 2004</subfield>
      </datafield>
  </record>