
  <record>
    <leader>00000cam  2200265   4500</leader>
      <controlfield tag='008'>711027s1971    nyua     b    001 0 engm </controlfield>
      <controlfield tag='001'>186386</controlfield>
      <controlfield tag='005'>19841205000000.0</controlfield>
      <datafield ind1=' ' ind2=' ' tag='010'>
        <subfield code='a'>76100940</subfield>
      </datafield>
      <datafield ind1=' ' ind2=' ' tag='040'>
        <subfield code='a'>DLC</subfield>
        <subfield code='c'>DLC</subfield>
        <subfield code='d'>m.c.</subfield>
        <subfield code='d'>NOC</subfield>
      </datafield>
      <datafield ind1=' ' ind2=' ' tag='082'>
        <subfield code='a'>325.3/09/033</subfield>
      </datafield>
      <datafield ind1='1' ind2=' ' tag='100'>
        <subfield code='a'>Parry, J. H.</subfield>
        <subfield code='q'>(John Horace),</subfield>
        <subfield code='d'>1914-1982.</subfield>
      </datafield>
      <datafield ind1='1' ind2='0' tag='245'>
        <subfield code='a'>Trade and dominion:</subfield>
        <subfield code='b'>the European overseas empires in the eighteenth century</subfield>
        <subfield code='c'>[by] J. H. Parry.</subfield>
      </datafield>
      <datafield ind1=' ' ind2=' ' tag='260'>
        <subfield code='a'>New York,</subfield>
        <subfield code='b'>Praeger</subfield>
        <subfield code='c'>[1971]</subfield>
      </datafield>
      <datafield ind1=' ' ind2=' ' tag='300'>
        <subfield code='a'>xvii, 408 p.</subfield>
        <subfield code='b'>illus.</subfield>
        <subfield code='c'>25 cm.</subfield>
      </datafield>
      <datafield ind1=' ' ind2=' ' tag='504'>
        <subfield code='a'>Bibliography: p. 369-379.</subfield>
      </datafield>
      <datafield ind1=' ' ind2='0' tag='650'>
        <subfield code='a'>Colonies</subfield>
        <subfield code='x'>History.</subfield>
      </datafield>
      <datafield ind1=' ' ind2='0' tag='650'>
        <subfield code='a'>Colonies</subfield>
        <subfield code='x'>Commerce.</subfield>
      </datafield>
      <datafield ind1=' ' ind2='0' tag='650'>
        <subfield code='a'>Colonies</subfield>
        <subfield code='x'>Administration.</subfield>
      </datafield>
      <datafield ind1=' ' ind2='0' tag='830'>
        <subfield code='a'>Praeger history of civilization.</subfield>
      </datafield>
      <datafield ind1=' ' ind2=' ' tag='907'>
        <subfield code='a'>b1047908</subfield>
      </datafield>
      <datafield ind1='9' ind2='1' tag='999'>
        <subfield code='i'>i1078935</subfield>
        <subfield code='l'>ddda</subfield>
        <subfield code='s'>-</subfield>
        <subfield code='t'>0</subfield>
        <subfield code='c'>1</subfield>
        <subfield code='o'>2</subfield>
        <subfield code='d'>20170915</subfield>
        <subfield code='b'>10000451002</subfield>
        <subfield code='p'>090</subfield>
        <subfield code='q'>|aJV165 .P35</subfield>
      </datafield>
  </record>