
  <record>
    <leader>00000nam  2200457 a 4500</leader>
      <controlfield tag='006'>m        d f</controlfield>
      <controlfield tag='008'>100626s1990    dcuab   ob   f000 0beng c</controlfield>
      <controlfield tag='007'>cr cn|||||||||</controlfield>
      <controlfield tag='001'>643787374</controlfield>
      <controlfield tag='003'>OCoLC</controlfield>
      <controlfield tag='005'>20120229110859.0</controlfield>
      <datafield ind1=' ' ind2=' ' tag='019'>
        <subfield code='a'>637011553</subfield>
        <subfield code='a'>777386418</subfield>
      </datafield>
      <datafield ind1=' ' ind2=' ' tag='040'>
        <subfield code='a'>OCLCE</subfield>
        <subfield code='b'>eng</subfield>
        <subfield code='c'>OCLCE</subfield>
        <subfield code='d'>GPO</subfield>
        <subfield code='d'>MvI</subfield>
      </datafield>
      <datafield ind1=' ' ind2=' ' tag='042'>
        <subfield code='a'>dlr</subfield>
        <subfield code='a'>pcc</subfield>
      </datafield>
      <datafield ind1=' ' ind2=' ' tag='043'>
        <subfield code='a'>n-us---</subfield>
      </datafield>
      <datafield ind1='0' ind2=' ' tag='086'>
        <subfield code='a'>D 114.2:EI 8</subfield>
      </datafield>
      <datafield ind1='0' ind2='0' tag='245'>
        <subfield code='a'>Dwight David Eisenhower</subfield>
        <subfield code='h'>[electronic resource] :</subfield>
        <subfield code='b'>the centennial.</subfield>
      </datafield>
      <datafield ind1=' ' ind2=' ' tag='260'>
        <subfield code='a'>Washington, D.C. :</subfield>
        <subfield code='b'>U.S. Army Center of Military History,</subfield>
        <subfield code='c'>[1990]</subfield>
      </datafield>
      <datafield ind1=' ' ind2=' ' tag='300'>
        <subfield code='a'>1 online resource :</subfield>
        <subfield code='b'>ill. (some col.)., col. map.</subfield>
      </datafield>
      <datafield ind1=' ' ind2=' ' tag='500'>
        <subfield code='a'>Title from title screen (viewed on Feb. 29, 2012).</subfield>
      </datafield>
      <datafield ind1=' ' ind2=' ' tag='500'>
        <subfield code='a'>&quot;Prepared by the U.S. Army Center of Military History.&quot;</subfield>
      </datafield>
      <datafield ind1=' ' ind2=' ' tag='500'>
        <subfield code='a'>&quot;16 March 1990.&quot;</subfield>
      </datafield>
      <datafield ind1=' ' ind2=' ' tag='504'>
        <subfield code='a'>Includes bibliographical references.</subfield>
      </datafield>
      <datafield ind1='1' ind2='0' tag='600'>
        <subfield code='a'>Eisenhower, Dwight D.</subfield>
        <subfield code='q'>(Dwight David),</subfield>
        <subfield code='d'>1890-1969</subfield>
        <subfield code='x'>Military leadership.</subfield>
      </datafield>
      <datafield ind1='1' ind2='0' tag='610'>
        <subfield code='a'>United States.</subfield>
        <subfield code='b'>Army</subfield>
        <subfield code='v'>Biography.</subfield>
      </datafield>
      <datafield ind1=' ' ind2='0' tag='650'>
        <subfield code='a'>Generals</subfield>
        <subfield code='z'>United States</subfield>
        <subfield code='v'>Biography.</subfield>
      </datafield>
      <datafield ind1='2' ind2=' ' tag='710'>
        <subfield code='a'>Center of Military History.</subfield>
      </datafield>
      <datafield ind1='0' ind2='8' tag='776'>
        <subfield code='i'>Print version:</subfield>
        <subfield code='t'>Dwight David Eisenhower</subfield>
        <subfield code='w'>(OCoLC)21892317</subfield>
      </datafield>
      <datafield ind1=' ' ind2='0' tag='830'>
        <subfield code='a'>CMH pub ;</subfield>
        <subfield code='v'>71-40.</subfield>
      </datafield>
      <datafield ind1='4' ind2='0' tag='856'>
        <subfield code='u'>http://purl.fdlp.gov/GPO/LPS59184</subfield>
      </datafield>
      <datafield ind1='4' ind2='0' tag='856'>
        <subfield code='3'>PDF, part 1</subfield>
        <subfield code='u'>http://purl.fdlp.gov/GPO/LPS59182</subfield>
      </datafield>
      <datafield ind1='4' ind2='0' tag='856'>
        <subfield code='3'>PDF, part 2</subfield>
        <subfield code='u'>http://purl.fdlp.gov/GPO/LPS59183</subfield>
      </datafield>
      <datafield ind1=' ' ind2=' ' tag='919'>
        <subfield code='a'>dwsgpo</subfield>
      </datafield>
      <datafield ind1=' ' ind2=' ' tag='907'>
        <subfield code='a'>b7080272</subfield>
      </datafield>
  </record>