
  <record>
    <leader>00000cam a22003611  4500</leader>
      <controlfield tag='008'>880914s1963    nyu      b    000 0 eng  </controlfield>
      <controlfield tag='001'>710937</controlfield>
      <controlfield tag='005'>19890227134741.0</controlfield>
      <datafield ind1=' ' ind2=' ' tag='010'>
        <subfield code='a'>63017877</subfield>
      </datafield>
      <datafield ind1=' ' ind2=' ' tag='019'>
        <subfield code='a'>507319</subfield>
      </datafield>
      <datafield ind1=' ' ind2=' ' tag='040'>
        <subfield code='a'>DLC</subfield>
        <subfield code='c'>DLC</subfield>
        <subfield code='d'>m.c.</subfield>
        <subfield code='d'>OCL</subfield>
      </datafield>
      <datafield ind1=' ' ind2=' ' tag='043'>
        <subfield code='a'>n-us---</subfield>
      </datafield>
      <datafield ind1='0' ind2=' ' tag='050'>
        <subfield code='a'>E165</subfield>
        <subfield code='b'>.E24</subfield>
      </datafield>
      <datafield ind1=' ' ind2=' ' tag='082'>
        <subfield code='a'>917.3</subfield>
      </datafield>
      <datafield ind1='1' ind2=' ' tag='100'>
        <subfield code='a'>Eaton, Clement,</subfield>
        <subfield code='d'>1898-1980.</subfield>
      </datafield>
      <datafield ind1='1' ind2='4' tag='245'>
        <subfield code='a'>The leaven of democracy;</subfield>
        <subfield code='b'>the growth of the democratic spirit in the time of Jackson.</subfield>
        <subfield code='c'>Selected and edited, with introd. and notes by Clement Eaton.</subfield>
      </datafield>
      <datafield ind1=' ' ind2=' ' tag='260'>
        <subfield code='a'>New York,</subfield>
        <subfield code='b'>G. Braziller,</subfield>
        <subfield code='c'>1963.</subfield>
      </datafield>
      <datafield ind1=' ' ind2=' ' tag='300'>
        <subfield code='a'>xvi, 490 p.</subfield>
        <subfield code='c'>25 cm.</subfield>
      </datafield>
      <datafield ind1=' ' ind2=' ' tag='504'>
        <subfield code='a'>Bibliographical references included in &quot;Notes&quot; (p. 18-20)</subfield>
      </datafield>
      <datafield ind1='2' ind2=' ' tag='505'>
        <subfield code='a'>The last of the Romans / Thomas H. Benton -- A Yankee bride in North Carolina / Sarah Williams.</subfield>
      </datafield>
      <datafield ind1='1' ind2='0' tag='600'>
        <subfield code='a'>Jackson, Andrew,</subfield>
        <subfield code='d'>1767-1845.</subfield>
      </datafield>
      <datafield ind1='1' ind2='0' tag='600'>
        <subfield code='a'>Macon, Nathaniel,</subfield>
        <subfield code='d'>1758-1837.</subfield>
      </datafield>
      <datafield ind1=' ' ind2='0' tag='650'>
        <subfield code='a'>National characteristics, American.</subfield>
      </datafield>
      <datafield ind1=' ' ind2='0' tag='651'>
        <subfield code='a'>United States</subfield>
        <subfield code='x'>Civilization</subfield>
        <subfield code='y'>1783-1865.</subfield>
      </datafield>
      <datafield ind1='1' ind2='2' tag='700'>
        <subfield code='a'>Benton, Thomas Hart,</subfield>
        <subfield code='d'>1782-1858.</subfield>
        <subfield code='t'>Last of the Romans.</subfield>
      </datafield>
      <datafield ind1='1' ind2='2' tag='700'>
        <subfield code='a'>Williams, Sarah Frances Hicks,</subfield>
        <subfield code='d'>1827-</subfield>
        <subfield code='t'>Yankee bride in North Carolina.</subfield>
      </datafield>
      <datafield ind1='1' ind2=' ' tag='800'>
        <subfield code='a'>McClimans, Todd.</subfield>
        <subfield code='t'>American epochs.</subfield>
      </datafield>
      <datafield ind1=' ' ind2=' ' tag='907'>
        <subfield code='a'>b1169034</subfield>
      </datafield>
      <datafield ind1='9' ind2='1' tag='999'>
        <subfield code='i'>i1298950</subfield>
        <subfield code='l'>trln</subfield>
        <subfield code='s'>-</subfield>
        <subfield code='t'>0</subfield>
        <subfield code='c'>1</subfield>
        <subfield code='o'>1</subfield>
        <subfield code='b'>00016304438</subfield>
        <subfield code='p'>090</subfield>
        <subfield code='q'>|aE165 .E24</subfield>
      </datafield>
      <datafield ind1='9' ind2='1' tag='999'>
        <subfield code='i'>i1298949</subfield>
        <subfield code='l'>wbda</subfield>
        <subfield code='s'>o</subfield>
        <subfield code='t'>0</subfield>
        <subfield code='c'>1</subfield>
        <subfield code='o'>0</subfield>
        <subfield code='b'>00043180501</subfield>
        <subfield code='p'>099</subfield>
        <subfield code='q'>|aCB J13e11</subfield>
      </datafield>
      <datafield ind1='9' ind2='2' tag='999'>
        <subfield code='a'>c1241295</subfield>
        <subfield code='b'>wbda</subfield>
        <subfield code='c'>0</subfield>
      </datafield>
      <datafield ind1='9' ind2='3' tag='999'>
        <subfield code='0'>c1241295</subfield>
        <subfield code='2'>852</subfield>
        <subfield code='3'>c</subfield>
        <subfield code='b'>572121</subfield>
        <subfield code='h'>CB</subfield>
        <subfield code='i'>J13e11</subfield>
      </datafield>
      <datafield ind1='9' ind2='3' tag='999'>
        <subfield code='0'>c1241295</subfield>
        <subfield code='2'>852</subfield>
        <subfield code='3'>e</subfield>
        <subfield code='p'>HAGN-2038-00001</subfield>
        <subfield code='t'>1</subfield>
      </datafield>
  </record>