
  <record>
    <leader>00000cam  2200193Ia 4500</leader>
      <controlfield tag='008'>890202c19891988onc           000 1 eng d</controlfield>
      <controlfield tag='001'>19096801</controlfield>
      <controlfield tag='005'>19930728170043.0</controlfield>
      <datafield ind1=' ' ind2=' ' tag='020'>
        <subfield code='a'>0553276425 :</subfield>
        <subfield code='c'>$3.95</subfield>
      </datafield>
      <datafield ind1=' ' ind2=' ' tag='040'>
        <subfield code='a'>MLN</subfield>
        <subfield code='c'>MLN</subfield>
        <subfield code='d'>NOC</subfield>
      </datafield>
      <datafield ind1='1' ind2=' ' tag='100'>
        <subfield code='a'>Benford, Gregory,</subfield>
        <subfield code='d'>1941-</subfield>
      </datafield>
      <datafield ind1='1' ind2='0' tag='245'>
        <subfield code='a'>If the stars are gods /</subfield>
        <subfield code='c'>Gregory Benford and Gordon Eklund.</subfield>
      </datafield>
      <datafield ind1=' ' ind2=' ' tag='260'>
        <subfield code='a'>Toronto ;</subfield>
        <subfield code='a'>New York :</subfield>
        <subfield code='b'>Bantam Books,</subfield>
        <subfield code='c'>1989, c1988.</subfield>
      </datafield>
      <datafield ind1=' ' ind2=' ' tag='300'>
        <subfield code='a'>229 p. ;</subfield>
        <subfield code='c'>18 cm.</subfield>
      </datafield>
      <datafield ind1=' ' ind2=' ' tag='500'>
        <subfield code='a'>Originally published in 1977.</subfield>
      </datafield>
      <datafield ind1=' ' ind2=' ' tag='500'>
        <subfield code='a'>&quot;A Bantam Spectra book.&quot;</subfield>
      </datafield>
      <datafield ind1='1' ind2=' ' tag='700'>
        <subfield code='a'>Eklund, Gordon.</subfield>
      </datafield>
      <datafield ind1=' ' ind2=' ' tag='907'>
        <subfield code='a'>b2486915</subfield>
      </datafield>
      <datafield ind1='9' ind2='1' tag='999'>
        <subfield code='i'>i3577907</subfield>
        <subfield code='l'>ddda</subfield>
        <subfield code='s'>-</subfield>
        <subfield code='t'>0</subfield>
        <subfield code='c'>1</subfield>
        <subfield code='o'>2</subfield>
        <subfield code='b'>00009194604</subfield>
        <subfield code='p'>090</subfield>
        <subfield code='q'>|aPS3552.E542 I46 1989</subfield>
      </datafield>
  </record>