
  <record>
    <leader>00000cam  22002773u 4500</leader>
      <controlfield tag='006'>m        d</controlfield>
      <controlfield tag='008'>050715s1859    mau     s     000 0 eng d</controlfield>
      <controlfield tag='007'>cr mn mmmmamba</controlfield>
      <controlfield tag='001'>aas05020081</controlfield>
      <controlfield tag='005'>20060708105006.0</controlfield>
      <datafield ind1=' ' ind2=' ' tag='040'>
        <subfield code='a'>MWA</subfield>
        <subfield code='c'>MWA</subfield>
      </datafield>
      <datafield ind1='1' ind2=' ' tag='100'>
        <subfield code='a'>Palmer, H. H.</subfield>
      </datafield>
      <datafield ind1='1' ind2='0' tag='245'>
        <subfield code='a'>Portfolio paper file, for newspapers, periodicals, music, drawings, letters, documents, &amp;c. manufactured by H.H. Palmer, no. 15 Central Exchange, Worcester, Mass. ...</subfield>
        <subfield code='h'>[electronic resource]</subfield>
      </datafield>
      <datafield ind1=' ' ind2=' ' tag='260'>
        <subfield code='a'>[Worcester, Mass. :</subfield>
        <subfield code='b'>s.n.,</subfield>
        <subfield code='c'>1859]</subfield>
      </datafield>
      <datafield ind1=' ' ind2=' ' tag='300'>
        <subfield code='a'>1 online resource (1 trade card)</subfield>
      </datafield>
      <datafield ind1='1' ind2=' ' tag='506'>
        <subfield code='a'>Access limited to UNC Chapel Hill-authenticated users.</subfield>
        <subfield code='f'>Unlimited simultaneous users</subfield>
      </datafield>
      <datafield ind1=' ' ind2=' ' tag='516'>
        <subfield code='a'>Includes files in TIFF, GIF and PDF formats with inclusion of keyword searchable text.</subfield>
      </datafield>
      <datafield ind1=' ' ind2='0' tag='650'>
        <subfield code='a'>Papermaking.</subfield>
      </datafield>
      <datafield ind1=' ' ind2='0' tag='650'>
        <subfield code='a'>Advertising</subfield>
        <subfield code='x'>Papermaking.</subfield>
      </datafield>
      <datafield ind1=' ' ind2='7' tag='655'>
        <subfield code='a'>Advertising cards.</subfield>
        <subfield code='2'>gmgpc</subfield>
      </datafield>
      <datafield ind1=' ' ind2=' ' tag='752'>
        <subfield code='a'>United States</subfield>
        <subfield code='b'>Massachusetts</subfield>
        <subfield code='d'>Worcester.</subfield>
      </datafield>
      <datafield ind1='0' ind2=' ' tag='773'>
        <subfield code='t'>American broadsides and ephemera (online collection). Series 1</subfield>
      </datafield>
      <datafield ind1=' ' ind2='0' tag='830'>
        <subfield code='a'>American broadsides and ephemera.</subfield>
        <subfield code='n'>Series 1 ;</subfield>
        <subfield code='v'>no. 20081.</subfield>
      </datafield>
      <datafield ind1='4' ind2='0' tag='856'>
        <subfield code='u'>http://libproxy.lib.unc.edu/login?url=http://opac.newsbank.com/select/broadsides1/20081</subfield>
        <subfield code='x'>American Broadsides and Ephemera</subfield>
        <subfield code='y'>Full text available via the UNC-Chapel Hill Libraries</subfield>
      </datafield>
      <datafield ind1=' ' ind2=' ' tag='907'>
        <subfield code='a'>b6275915</subfield>
      </datafield>
  </record>