
  <record>
    <leader>00000cam  2200349Ma 4500</leader>
      <controlfield tag='006'>m        d</controlfield>
      <controlfield tag='008'>090219s1849    enk     s     000 0 eng d</controlfield>
      <controlfield tag='007'>cr |n||||||||n</controlfield>
      <controlfield tag='001'>moml505985452</controlfield>
      <controlfield tag='003'>OCoLC</controlfield>
      <controlfield tag='005'>20100429100508.0</controlfield>
      <datafield ind1=' ' ind2=' ' tag='035'>
        <subfield code='a'>(OCoLC)505985452</subfield>
      </datafield>
      <datafield ind1=' ' ind2=' ' tag='040'>
        <subfield code='a'>TGPSM</subfield>
        <subfield code='c'>BOL</subfield>
        <subfield code='d'>MIGCL</subfield>
      </datafield>
      <datafield ind1=' ' ind2=' ' tag='043'>
        <subfield code='a'>e-uk---</subfield>
      </datafield>
      <datafield ind1=' ' ind2=' ' tag='049'>
        <subfield code='a'>TEFA</subfield>
      </datafield>
      <datafield ind1='1' ind2=' ' tag='100'>
        <subfield code='a'>Curtis, J.</subfield>
        <subfield code='q'>(James),</subfield>
        <subfield code='d'>active 1828-1835.</subfield>
      </datafield>
      <datafield ind1='1' ind2='3' tag='245'>
        <subfield code='a'>An authentic and faithful history of the mysterious murder of Maria Marten</subfield>
        <subfield code='h'>[electronic resource] :</subfield>
        <subfield code='b'>with a full development of all the extraordinary circumstances which led to the discovery of her body in the red barn : to which is added the trial of William Corder, taken at large in short hand specially for this work : with an account of his execution, dissection, &amp;c., and many interesting particulars relative to the village of Polstead and its vicinity, the prison correspondence of Corder, and fifty-three letters in answer to his advertisement for a wife /</subfield>
        <subfield code='c'>the whole compiled and arranged with upwards of three hundred explanatory notes by J. Curtis.</subfield>
      </datafield>
      <datafield ind1='3' ind2='7' tag='246'>
        <subfield code='a'>Mysterious murder of Maria Marten</subfield>
      </datafield>
      <datafield ind1=' ' ind2=' ' tag='300'>
        <subfield code='a'>xvi, 472 p. :</subfield>
        <subfield code='b'>ill., ports.</subfield>
      </datafield>
      <datafield ind1=' ' ind2=' ' tag='500'>
        <subfield code='a'>Includes index.</subfield>
      </datafield>
      <datafield ind1=' ' ind2=' ' tag='500'>
        <subfield code='a'>Reproduction of the original from Harvard Law School Library.</subfield>
      </datafield>
      <datafield ind1=' ' ind2=' ' tag='533'>
        <subfield code='a'>Electronic reproduction.</subfield>
        <subfield code='b'>Farmington Hills, Mich. :</subfield>
        <subfield code='c'>Gale, a part of Cengage Learning,</subfield>
        <subfield code='d'>2007.</subfield>
        <subfield code='n'>Available via the World Wide Web.</subfield>
        <subfield code='n'>Access limited by licensing agreements.</subfield>
        <subfield code='7'>s2007    miunns</subfield>
      </datafield>
      <datafield ind1='1' ind2='0' tag='600'>
        <subfield code='a'>Corder, William,</subfield>
        <subfield code='d'>1803-1828</subfield>
        <subfield code='x'>Trials, litigation, etc.</subfield>
      </datafield>
      <datafield ind1='1' ind2='0' tag='600'>
        <subfield code='a'>Marten, Maria,</subfield>
        <subfield code='d'>1801-1827.</subfield>
      </datafield>
      <datafield ind1=' ' ind2='0' tag='650'>
        <subfield code='a'>Trials (Murder)</subfield>
        <subfield code='z'>England</subfield>
        <subfield code='z'>Bury St. Edmunds.</subfield>
      </datafield>
      <datafield ind1='1' ind2=' ' tag='710'>
        <subfield code='a'>Great Britain.</subfield>
        <subfield code='b'>Assizes (Bury St. Edmunds)</subfield>
      </datafield>
      <datafield ind1=' ' ind2='0' tag='830'>
        <subfield code='a'>Making of modern law.</subfield>
        <subfield code='p'>Trials, 1600-1926.</subfield>
      </datafield>
      <datafield ind1='4' ind2='0' tag='856'>
        <subfield code='u'>http://libproxy.lib.unc.edu/login?url=http://galenet.galegroup.com/servlet/MMLT?af=RN&amp;ae=Q4201749035&amp;srchtp=a&amp;ste=14&amp;q=unc_main</subfield>
        <subfield code='y'>Full text available via the UNC-Chapel Hill Libraries</subfield>
      </datafield>
      <datafield ind1=' ' ind2=' ' tag='907'>
        <subfield code='a'>b6329689</subfield>
      </datafield>
  </record>