
  <record>
    <leader>00000cam  22002418a 4500</leader>
      <controlfield tag='008'>821015s1984    nju      b    001 0 eng  </controlfield>
      <controlfield tag='001'>8929173</controlfield>
      <controlfield tag='005'>19841217000000.0</controlfield>
      <datafield ind1=' ' ind2=' ' tag='010'>
        <subfield code='a'>80070994</subfield>
      </datafield>
      <datafield ind1=' ' ind2=' ' tag='020'>
        <subfield code='a'>0838630979</subfield>
      </datafield>
      <datafield ind1=' ' ind2=' ' tag='040'>
        <subfield code='a'>DLC</subfield>
        <subfield code='c'>DLC</subfield>
        <subfield code='d'>NOC</subfield>
      </datafield>
      <datafield ind1='0' ind2=' ' tag='082'>
        <subfield code='a'>633.7/5/09</subfield>
        <subfield code='2'>19</subfield>
      </datafield>
      <datafield ind1='1' ind2=' ' tag='100'>
        <subfield code='a'>Merlin, Mark David.</subfield>
      </datafield>
      <datafield ind1='1' ind2='0' tag='245'>
        <subfield code='a'>On the trail of the ancient opium poppy /</subfield>
        <subfield code='c'>Mark David Merlin.</subfield>
      </datafield>
      <datafield ind1=' ' ind2=' ' tag='260'>
        <subfield code='a'>Rutherford :</subfield>
        <subfield code='b'>Fairleigh Dickinson University Press ;</subfield>
        <subfield code='a'>London :</subfield>
        <subfield code='b'>Associated University Presses,</subfield>
        <subfield code='c'>c1984.</subfield>
      </datafield>
      <datafield ind1=' ' ind2=' ' tag='300'>
        <subfield code='a'>324 p. :</subfield>
        <subfield code='b'>ill. ;</subfield>
        <subfield code='c'>25 cm.</subfield>
      </datafield>
      <datafield ind1=' ' ind2=' ' tag='500'>
        <subfield code='a'>Includes index.</subfield>
      </datafield>
      <datafield ind1=' ' ind2=' ' tag='504'>
        <subfield code='a'>Bibliography: p. 286-310.</subfield>
      </datafield>
      <datafield ind1=' ' ind2='0' tag='650'>
        <subfield code='a'>Opium poppy</subfield>
        <subfield code='x'>History.</subfield>
      </datafield>
      <datafield ind1=' ' ind2='0' tag='650'>
        <subfield code='a'>Opium poppy</subfield>
        <subfield code='x'>Origin.</subfield>
      </datafield>
      <datafield ind1=' ' ind2='0' tag='650'>
        <subfield code='a'>Neolithic period.</subfield>
      </datafield>
      <datafield ind1=' ' ind2='0' tag='650'>
        <subfield code='a'>Bronze age.</subfield>
      </datafield>
      <datafield ind1=' ' ind2='0' tag='650'>
        <subfield code='a'>Plant remains (Archaeology)</subfield>
      </datafield>
      <datafield ind1=' ' ind2=' ' tag='907'>
        <subfield code='a'>b1855905</subfield>
      </datafield>
      <datafield ind1='9' ind2='1' tag='999'>
        <subfield code='i'>i2684107</subfield>
        <subfield code='l'>bbla</subfield>
        <subfield code='s'>-</subfield>
        <subfield code='t'>0</subfield>
        <subfield code='c'>1</subfield>
        <subfield code='o'>5</subfield>
        <subfield code='b'>00002482183</subfield>
        <subfield code='p'>090</subfield>
        <subfield code='q'>|aSB295.O65 M47 1984</subfield>
      </datafield>
  </record>