
  <record>
    <leader>00000cam  2200229 a 4500</leader>
      <controlfield tag='008'>900424s1990    ii af    b    001 0 eng  </controlfield>
      <controlfield tag='001'>21524773</controlfield>
      <controlfield tag='005'>19931015095437.0</controlfield>
      <datafield ind1=' ' ind2=' ' tag='010'>
        <subfield code='a'>89906406</subfield>
      </datafield>
      <datafield ind1=' ' ind2=' ' tag='020'>
        <subfield code='a'>8171002021 :</subfield>
        <subfield code='c'>Rs250.00</subfield>
      </datafield>
      <datafield ind1=' ' ind2=' ' tag='040'>
        <subfield code='a'>DLC</subfield>
        <subfield code='c'>DLC</subfield>
        <subfield code='d'>NOC</subfield>
        <subfield code='d'>OCoLC</subfield>
      </datafield>
      <datafield ind1=' ' ind2=' ' tag='043'>
        <subfield code='a'>a-cc---</subfield>
      </datafield>
      <datafield ind1='0' ind2='0' tag='050'>
        <subfield code='a'>DS777.8</subfield>
        <subfield code='b'>.G46 1990</subfield>
      </datafield>
      <datafield ind1='0' ind2='0' tag='082'>
        <subfield code='a'>327.51</subfield>
        <subfield code='2'>20</subfield>
      </datafield>
      <datafield ind1='1' ind2=' ' tag='100'>
        <subfield code='a'>Ghoble, T. R.</subfield>
        <subfield code='q'>(Trimbak Ramrao)</subfield>
      </datafield>
      <datafield ind1='1' ind2='0' tag='245'>
        <subfield code='a'>China&apos;s foreign policy :</subfield>
        <subfield code='b'>opening to the West /</subfield>
        <subfield code='c'>T.R. Ghoble.</subfield>
      </datafield>
      <datafield ind1=' ' ind2=' ' tag='260'>
        <subfield code='a'>New Delhi :</subfield>
        <subfield code='b'>Deep &amp; Deep Publications,</subfield>
        <subfield code='c'>c1990.</subfield>
      </datafield>
      <datafield ind1=' ' ind2=' ' tag='300'>
        <subfield code='a'>252 p., [4] p. of plates :</subfield>
        <subfield code='b'>ill. ;</subfield>
        <subfield code='c'>22 cm.</subfield>
      </datafield>
      <datafield ind1=' ' ind2=' ' tag='500'>
        <subfield code='a'>Chiefly of the 60s and 70s.</subfield>
      </datafield>
      <datafield ind1=' ' ind2=' ' tag='504'>
        <subfield code='a'>Includes bibliographical references (p. [211]-249) and index.</subfield>
      </datafield>
      <datafield ind1='1' ind2='0' tag='600'>
        <subfield code='a'>Lin, Biao,</subfield>
        <subfield code='d'>1908-1971.</subfield>
      </datafield>
      <datafield ind1=' ' ind2='0' tag='651'>
        <subfield code='a'>China</subfield>
        <subfield code='x'>Foreign relations</subfield>
        <subfield code='y'>1949-1976.</subfield>
      </datafield>
      <datafield ind1=' ' ind2=' ' tag='907'>
        <subfield code='a'>b2496969</subfield>
      </datafield>
      <datafield ind1='9' ind2='1' tag='999'>
        <subfield code='i'>i3592798</subfield>
        <subfield code='l'>trln</subfield>
        <subfield code='s'>-</subfield>
        <subfield code='t'>0</subfield>
        <subfield code='c'>1</subfield>
        <subfield code='o'>1</subfield>
        <subfield code='b'>00009134082</subfield>
        <subfield code='p'>090</subfield>
        <subfield code='q'>|aDS777.8 .G46 1990</subfield>
      </datafield>
  </record>