
  <record>
    <leader>00000caa  2200157Ka 4500</leader>
      <controlfield tag='008'>      s1996    enk           000 00eng d</controlfield>
      <controlfield tag='001'>B-15549-3</controlfield>
      <datafield ind1=' ' ind2=' ' tag='019'>
        <subfield code='o'>B-15549-3</subfield>
      </datafield>
      <datafield ind1=' ' ind2=' ' tag='040'>
        <subfield code='a'>CPC</subfield>
        <subfield code='c'>CPC</subfield>
      </datafield>
      <datafield ind1='0' ind2='0' tag='245'>
        <subfield code='a'>Negative multinomial regression models for clustered event counts /</subfield>
        <subfield code='c'>Guang Guo.</subfield>
      </datafield>
      <datafield ind1=' ' ind2=' ' tag='500'>
        <subfield code='a'>ADDED961230</subfield>
      </datafield>
      <datafield ind1=' ' ind2=' ' tag='504'>
        <subfield code='a'>References: p. 131-132.</subfield>
      </datafield>
      <datafield ind1='1' ind2=' ' tag='700'>
        <subfield code='a'>Guo, Guang.</subfield>
      </datafield>
      <datafield ind1='0' ind2=' ' tag='773'>
        <subfield code='t'>Sociological methodology, 1996, v. 26 / editor, Adrian E. Raftery.</subfield>
        <subfield code='d'>Oxford, Eng. : Blackwell Publishers, 1996,</subfield>
        <subfield code='g'>p. 113-132</subfield>
      </datafield>
      <datafield ind1=' ' ind2=' ' tag='907'>
        <subfield code='a'>b4716933</subfield>
      </datafield>
      <datafield ind1='9' ind2='1' tag='999'>
        <subfield code='i'>i6213400</subfield>
        <subfield code='l'>xccc</subfield>
        <subfield code='s'>-</subfield>
        <subfield code='t'>0</subfield>
        <subfield code='c'>1</subfield>
        <subfield code='o'>2</subfield>
        <subfield code='b'>CPC20013352</subfield>
        <subfield code='p'>090</subfield>
        <subfield code='q'>|aHM24 .S55 1996</subfield>
      </datafield>
  </record>