
  <record>
    <leader>00000cam a2200385 a 4500</leader>
      <controlfield tag='008'>911202s1989    pl af    b    010 0 pol  </controlfield>
      <controlfield tag='001'>21336883</controlfield>
      <controlfield tag='005'>19911202000000.0</controlfield>
      <datafield ind1=' ' ind2=' ' tag='010'>
        <subfield code='a'>90104334</subfield>
      </datafield>
      <datafield ind1=' ' ind2=' ' tag='020'>
        <subfield code='a'>8301090022 :</subfield>
        <subfield code='c'>zł900.00</subfield>
      </datafield>
      <datafield ind1=' ' ind2=' ' tag='040'>
        <subfield code='a'>DLC</subfield>
        <subfield code='c'>DLC</subfield>
        <subfield code='d'>NOC</subfield>
      </datafield>
      <datafield ind1=' ' ind2=' ' tag='043'>
        <subfield code='a'>e-pl---</subfield>
        <subfield code='a'>e------</subfield>
      </datafield>
      <datafield ind1='0' ind2='0' tag='050'>
        <subfield code='a'>DK4010</subfield>
        <subfield code='b'>.K73a zesz. 89</subfield>
        <subfield code='a'>D101.2</subfield>
      </datafield>
      <datafield ind1='0' ind2='0' tag='245'>
        <subfield code='a'>Studia z historii i historii sztuki /</subfield>
        <subfield code='c'>pod redakcją Stanisława Cynarskiego i Adama Małkiewicza.</subfield>
      </datafield>
      <datafield ind1=' ' ind2=' ' tag='250'>
        <subfield code='a'>Wyd. 1.</subfield>
      </datafield>
      <datafield ind1=' ' ind2=' ' tag='260'>
        <subfield code='a'>Warsaw :</subfield>
        <subfield code='b'>Nakł. Uniwersytetu Jagiellońskiego,</subfield>
        <subfield code='c'>c1989.</subfield>
      </datafield>
      <datafield ind1=' ' ind2=' ' tag='300'>
        <subfield code='a'>255 p., [29] p. of plates :</subfield>
        <subfield code='b'>ill.</subfield>
        <subfield code='c'>; 24 cm.</subfield>
      </datafield>
      <datafield ind1=' ' ind2=' ' tag='500'>
        <subfield code='a'>Added t.p. in latin: Studia ad historiam et artium historiam pertinentes.</subfield>
      </datafield>
      <datafield ind1=' ' ind2=' ' tag='504'>
        <subfield code='a'>Includes bibliographical references.</subfield>
      </datafield>
      <datafield ind1='1' ind2='0' tag='600'>
        <subfield code='a'>Lanckorońska, Karolina.</subfield>
      </datafield>
      <datafield ind1=' ' ind2='0' tag='650'>
        <subfield code='a'>Art</subfield>
        <subfield code='x'>History.</subfield>
      </datafield>
      <datafield ind1=' ' ind2='0' tag='651'>
        <subfield code='a'>Europe</subfield>
        <subfield code='x'>History.</subfield>
      </datafield>
      <datafield ind1=' ' ind2='0' tag='651'>
        <subfield code='a'>Poland</subfield>
        <subfield code='x'>Civilization.</subfield>
      </datafield>
      <datafield ind1='1' ind2=' ' tag='700'>
        <subfield code='a'>Cynarski, Stanisław.</subfield>
      </datafield>
      <datafield ind1='1' ind2=' ' tag='700'>
        <subfield code='a'>Małkiewicz, Adam.</subfield>
      </datafield>
      <datafield ind1='0' ind2=' ' tag='740'>
        <subfield code='a'>Studia ad historiam et artium historiam pertinentes.</subfield>
      </datafield>
      <datafield ind1=' ' ind2='0' tag='830'>
        <subfield code='a'>Zeszyty naukowe Uniwersytetu Jagiellońskiego ;</subfield>
        <subfield code='v'>886.</subfield>
      </datafield>
      <datafield ind1=' ' ind2='0' tag='830'>
        <subfield code='a'>Zeszyty naukowe Uniwersytetu Jagiellońskiego.</subfield>
        <subfield code='p'>Prace historyczne ;</subfield>
        <subfield code='v'>zesz. 89.</subfield>
      </datafield>
      <datafield ind1=' ' ind2=' ' tag='907'>
        <subfield code='a'>b2343305</subfield>
      </datafield>
      <datafield ind1='9' ind2='1' tag='999'>
        <subfield code='i'>i3369814</subfield>
        <subfield code='l'>ddda</subfield>
        <subfield code='s'>-</subfield>
        <subfield code='t'>0</subfield>
        <subfield code='c'>1</subfield>
        <subfield code='o'>0</subfield>
        <subfield code='b'>00033306743</subfield>
        <subfield code='p'>090</subfield>
        <subfield code='q'>|aDK401|b.K675 zesz. 89</subfield>
        <subfield code='v'>zesz.89</subfield>
      </datafield>
  </record>