
  <record>
    <leader>00000ncm  22002774a 4500</leader>
      <controlfield tag='008'>020828s2003    enkncz   h     n    zxx c</controlfield>
      <controlfield tag='001'>54398649</controlfield>
      <controlfield tag='003'>OCoLC</controlfield>
      <controlfield tag='005'>20060130104325.0</controlfield>
      <datafield ind1=' ' ind2=' ' tag='020'>
        <subfield code='a'>1844493202</subfield>
      </datafield>
      <datafield ind1='3' ind2='0' tag='024'>
        <subfield code='a'>9781844493203</subfield>
      </datafield>
      <datafield ind1='3' ind2='2' tag='028'>
        <subfield code='a'>CH67023</subfield>
        <subfield code='b'>Chester Music</subfield>
      </datafield>
      <datafield ind1=' ' ind2=' ' tag='035'>
        <subfield code='a'>(OCoLC)54398649</subfield>
      </datafield>
      <datafield ind1=' ' ind2=' ' tag='040'>
        <subfield code='a'>COO</subfield>
        <subfield code='c'>COO</subfield>
        <subfield code='d'>NOC</subfield>
      </datafield>
      <datafield ind1=' ' ind2=' ' tag='042'>
        <subfield code='a'>pcc</subfield>
      </datafield>
      <datafield ind1=' ' ind2=' ' tag='049'>
        <subfield code='a'>OFC1</subfield>
      </datafield>
      <datafield ind1='1' ind2=' ' tag='100'>
        <subfield code='a'>Saariaho, Kaija.</subfield>
      </datafield>
      <datafield ind1='1' ind2='0' tag='240'>
        <subfield code='a'>Nocturne,</subfield>
        <subfield code='m'>violin</subfield>
      </datafield>
      <datafield ind1='1' ind2='0' tag='245'>
        <subfield code='a'>Nocturne for solo violin /</subfield>
        <subfield code='c'>Kaija Saariaho.</subfield>
      </datafield>
      <datafield ind1=' ' ind2=' ' tag='260'>
        <subfield code='a'>London :</subfield>
        <subfield code='b'>Chester Music,</subfield>
        <subfield code='c'>c2003.</subfield>
      </datafield>
      <datafield ind1=' ' ind2=' ' tag='300'>
        <subfield code='a'>3 p. of music ;</subfield>
        <subfield code='c'>30 cm.</subfield>
      </datafield>
      <datafield ind1=' ' ind2='0' tag='650'>
        <subfield code='a'>Violin music.</subfield>
      </datafield>
      <datafield ind1=' ' ind2=' ' tag='907'>
        <subfield code='a'>b4619312</subfield>
      </datafield>
      <datafield ind1='9' ind2='1' tag='999'>
        <subfield code='i'>i6320902</subfield>
        <subfield code='l'>mmda</subfield>
        <subfield code='s'>-</subfield>
        <subfield code='t'>45</subfield>
        <subfield code='c'>1</subfield>
        <subfield code='o'>3</subfield>
        <subfield code='b'>00024652243</subfield>
        <subfield code='p'>090</subfield>
        <subfield code='q'>|aM42.S33|bN6 2003</subfield>
      </datafield>
  </record>