
  <record>
    <leader>00000ngm a2200493Ia 4500</leader>
      <controlfield tag='006'>m    |o  c |</controlfield>
      <controlfield tag='007'>cr cna</controlfield>
      <controlfield tag='007'>vz czazzu</controlfield>
      <controlfield tag='008'>140429s1999||||nyu045 |     |o   vleng|d</controlfield>
      <controlfield tag='001'>FMGFOD42766</controlfield>
      <controlfield tag='003'>FOD</controlfield>
      <controlfield tag='005'>20140429151047.0</controlfield>
      <datafield ind1='4' ind2='0' tag='028'>
        <subfield code='a'>42763s</subfield>
        <subfield code='b'>Films Media Group</subfield>
      </datafield>
      <datafield ind1='4' ind2='0' tag='028'>
        <subfield code='a'>42766</subfield>
        <subfield code='b'>Films Media Group</subfield>
      </datafield>
      <datafield ind1=' ' ind2=' ' tag='035'>
        <subfield code='a'>(OCoLC)878699897</subfield>
      </datafield>
      <datafield ind1=' ' ind2=' ' tag='040'>
        <subfield code='a'>AzPhAEM</subfield>
        <subfield code='b'>eng</subfield>
      </datafield>
      <datafield ind1='0' ind2=' ' tag='041'>
        <subfield code='a'>eng</subfield>
        <subfield code='j'>eng</subfield>
      </datafield>
      <datafield ind1='0' ind2='0' tag='245'>
        <subfield code='a'>Triumph and Tragedy</subfield>
        <subfield code='h'>[electronic resource] /</subfield>
        <subfield code='c'>A&amp;E Television Networks, LLC.</subfield>
      </datafield>
      <datafield ind1='3' ind2=' ' tag='260'>
        <subfield code='a'>New York, N.Y. :</subfield>
        <subfield code='b'>Films Media Group,</subfield>
        <subfield code='c'>[2010], c1999.</subfield>
      </datafield>
      <datafield ind1=' ' ind2=' ' tag='300'>
        <subfield code='a'>1 streaming video (45 min.)</subfield>
      </datafield>
      <datafield ind1=' ' ind2=' ' tag='336'>
        <subfield code='a'>two-dimensional moving image</subfield>
        <subfield code='b'>tdi</subfield>
        <subfield code='2'>rdacontent</subfield>
      </datafield>
      <datafield ind1=' ' ind2=' ' tag='337'>
        <subfield code='a'>computer</subfield>
        <subfield code='b'>c</subfield>
        <subfield code='2'>rdamedia</subfield>
      </datafield>
      <datafield ind1=' ' ind2=' ' tag='338'>
        <subfield code='a'>online resource</subfield>
        <subfield code='b'>cr</subfield>
        <subfield code='2'>rdacarrier</subfield>
      </datafield>
      <datafield ind1='0' ind2=' ' tag='505'>
        <subfield code='a'>Chinese Tactics (2:40) -- Hand-to-Hand Combat (3:02) -- Lifeline of Retreat (3:30) -- Horrors of the Hagaru-Ri Perimeter (1:52) -- Bravery of Fox Company (3:45) -- Airlifts for the Wounded (1:02) -- Navy and Marine Air Support (1:55) -- Goal: Marine Evacuation (0:35) -- March to Freedom (2:42) -- On the Road to Hungnam (1:20) -- Evacuation of the East (1:35) -- Longest Retreat in Military History (2:04) -- Hardships for South Korean Refugees (1:28) -- Retreat of the 8th Army (1:46) -- Chinese Army in Trouble (1:35) -- American Blunders (1:12) -- Brink of Nuclear War? (1:45) -- Senator McCarthy&apos;s Zeal (1:24) -- UN Forces: Defeated? (1:21) -- Death of Gen. Walker/MacArthur&apos;s Replacement (3:18) -- MacArthur: Nuclear Madman? (1:44) -- Two More Years of War (1:17) -- Credits: Triumph and Tragedy (1:01)</subfield>
      </datafield>
      <datafield ind1='1' ind2=' ' tag='506'>
        <subfield code='a'>Access limited to UNC Chapel Hill-authenticated users.</subfield>
        <subfield code='f'>Unlimited simultaneous users</subfield>
      </datafield>
      <datafield ind1=' ' ind2=' ' tag='520'>
        <subfield code='a'>Lasting three years, the Korean War took more than 2,000,000 military and civilian lives. This program revisits General Douglas MacArthur&apos;s daring amphibious strike at Incheon, which routed the North Korean invaders - until the Chinese intervened.</subfield>
      </datafield>
      <datafield ind1='2' ind2=' ' tag='521'>
        <subfield code='a'>10 &amp; up.</subfield>
      </datafield>
      <datafield ind1=' ' ind2=' ' tag='546'>
        <subfield code='a'>Closed-captioned.</subfield>
      </datafield>
      <datafield ind1='0' ind2=' ' tag='588'>
        <subfield code='a'>Title from distributor&apos;s description.</subfield>
      </datafield>
      <datafield ind1=' ' ind2='0' tag='650'>
        <subfield code='a'>History, Modern.</subfield>
      </datafield>
      <datafield ind1=' ' ind2='0' tag='650'>
        <subfield code='a'>Korean War, 1950-1953.</subfield>
      </datafield>
      <datafield ind1=' ' ind2='0' tag='650'>
        <subfield code='a'>World War, 1939-1945.</subfield>
      </datafield>
      <datafield ind1=' ' ind2='0' tag='655'>
        <subfield code='a'>Educational films.</subfield>
      </datafield>
      <datafield ind1='0' ind2=' ' tag='773'>
        <subfield code='t'>FMG films on demand (online collection)</subfield>
      </datafield>
      <datafield ind1=' ' ind2='0' tag='830'>
        <subfield code='a'>Korean War (New York, N.Y.)</subfield>
      </datafield>
      <datafield ind1='4' ind2='0' tag='856'>
        <subfield code='u'>http://libproxy.lib.unc.edu/login?url=http://fod.infobase.com/PortalPlaylists.aspx?wID=102632&amp;xtid=42766</subfield>
        <subfield code='y'>Streaming video available via the UNC-Chapel Hill Libraries</subfield>
        <subfield code='x'>FMG Films on Demand</subfield>
      </datafield>
      <datafield ind1=' ' ind2=' ' tag='919'>
        <subfield code='a'>filmfinder</subfield>
      </datafield>
      <datafield ind1=' ' ind2='1' tag='907'>
        <subfield code='a'>b7819055</subfield>
      </datafield>
  </record>