
  <record>
    <leader>00000cam a2200445Mi 4500</leader>
      <controlfield tag='008'>150929t20152015it       b    000 0 ita d</controlfield>
      <controlfield tag='001'>925733905</controlfield>
      <controlfield tag='003'>OCoLC</controlfield>
      <controlfield tag='005'>20151211080759.0</controlfield>
      <datafield ind1=' ' ind2=' ' tag='020'>
        <subfield code='a'>9788876675409</subfield>
      </datafield>
      <datafield ind1=' ' ind2=' ' tag='020'>
        <subfield code='a'>887667540X</subfield>
      </datafield>
      <datafield ind1=' ' ind2=' ' tag='035'>
        <subfield code='a'>(OCoLC)925733905</subfield>
      </datafield>
      <datafield ind1=' ' ind2=' ' tag='040'>
        <subfield code='a'>C3L</subfield>
        <subfield code='b'>eng</subfield>
        <subfield code='e'>rda</subfield>
        <subfield code='c'>C3L</subfield>
        <subfield code='d'>OCLCO</subfield>
        <subfield code='d'>COO</subfield>
        <subfield code='d'>OCLCO</subfield>
        <subfield code='d'>EYM</subfield>
        <subfield code='d'>OCLCO</subfield>
        <subfield code='d'>ZCU</subfield>
        <subfield code='d'>OCL</subfield>
        <subfield code='d'>NOC</subfield>
      </datafield>
      <datafield ind1=' ' ind2='4' tag='050'>
        <subfield code='a'>PQ</subfield>
      </datafield>
      <datafield ind1='1' ind2='4' tag='082'>
        <subfield code='a'>850</subfield>
        <subfield code='2'>14</subfield>
      </datafield>
      <datafield ind1='2' ind2=' ' tag='110'>
        <subfield code='a'>American Association of Teachers of Italian.</subfield>
        <subfield code='b'>Conference</subfield>
        <subfield code='n'>(6th :</subfield>
        <subfield code='d'>2013 :</subfield>
        <subfield code='c'>Strasbourg, France)</subfield>
      </datafield>
      <datafield ind1='1' ind2='0' tag='245'>
        <subfield code='a'>Sul confine :</subfield>
        <subfield code='b'>interferenze letterarie franco-italiane /</subfield>
        <subfield code='c'>a cura di K.E. Bättig von Wittelsbach.</subfield>
      </datafield>
      <datafield ind1=' ' ind2='1' tag='264'>
        <subfield code='a'>Firenze :</subfield>
        <subfield code='b'>Franco Cesati editore,</subfield>
        <subfield code='c'>[2015]</subfield>
      </datafield>
      <datafield ind1=' ' ind2='4' tag='264'>
        <subfield code='c'>©2015</subfield>
      </datafield>
      <datafield ind1=' ' ind2=' ' tag='300'>
        <subfield code='a'>124 pages ;</subfield>
        <subfield code='c'>23 cm.</subfield>
      </datafield>
      <datafield ind1=' ' ind2=' ' tag='336'>
        <subfield code='a'>text</subfield>
        <subfield code='b'>txt</subfield>
        <subfield code='2'>rdacontent</subfield>
      </datafield>
      <datafield ind1=' ' ind2=' ' tag='337'>
        <subfield code='a'>unmediated</subfield>
        <subfield code='b'>n</subfield>
        <subfield code='2'>rdamedia</subfield>
      </datafield>
      <datafield ind1=' ' ind2=' ' tag='338'>
        <subfield code='a'>volume</subfield>
        <subfield code='b'>nc</subfield>
        <subfield code='2'>rdacarrier</subfield>
      </datafield>
      <datafield ind1=' ' ind2=' ' tag='500'>
        <subfield code='a'>Papers presented at the session of the conference held in Strasbourg, France, May 31-June 2, 2013.</subfield>
      </datafield>
      <datafield ind1=' ' ind2=' ' tag='504'>
        <subfield code='a'>Includes bibliographical references.</subfield>
      </datafield>
      <datafield ind1=' ' ind2='7' tag='650'>
        <subfield code='a'>Italian literature</subfield>
        <subfield code='x'>French influences</subfield>
        <subfield code='2'>fast</subfield>
        <subfield code='0'>(OCoLC)fst00980671</subfield>
      </datafield>
      <datafield ind1=' ' ind2='7' tag='650'>
        <subfield code='a'>French literature</subfield>
        <subfield code='x'>Italian influences</subfield>
        <subfield code='2'>fast</subfield>
        <subfield code='0'>(OCoLC)fst00934723</subfield>
      </datafield>
      <datafield ind1=' ' ind2='0' tag='650'>
        <subfield code='a'>Italian literature</subfield>
        <subfield code='x'>French influences</subfield>
        <subfield code='v'>Congresses.</subfield>
      </datafield>
      <datafield ind1=' ' ind2='0' tag='650'>
        <subfield code='a'>French literature</subfield>
        <subfield code='x'>Italian influences</subfield>
        <subfield code='v'>Congresses.</subfield>
      </datafield>
      <datafield ind1=' ' ind2='7' tag='655'>
        <subfield code='a'>Conference papers and proceedings.</subfield>
        <subfield code='2'>fast</subfield>
        <subfield code='0'>(OCoLC)fst01423772</subfield>
      </datafield>
      <datafield ind1='1' ind2=' ' tag='700'>
        <subfield code='a'>Bättig von Wittelsbach, K. E.,</subfield>
        <subfield code='e'>editor.</subfield>
      </datafield>
      <datafield ind1=' ' ind2='0' tag='830'>
        <subfield code='a'>Quaderni della Rassegna (Florence, Italy) ;</subfield>
        <subfield code='v'>101.</subfield>
      </datafield>
      <datafield ind1=' ' ind2=' ' tag='907'>
        <subfield code='a'>b8385384</subfield>
      </datafield>
      <datafield ind1='9' ind2='1' tag='999'>
        <subfield code='i'>i10909133</subfield>
        <subfield code='l'>ddda</subfield>
        <subfield code='s'>-</subfield>
        <subfield code='t'>0</subfield>
        <subfield code='c'>1</subfield>
        <subfield code='o'>0</subfield>
        <subfield code='b'>00049054057</subfield>
        <subfield code='p'>090</subfield>
        <subfield code='q'>|aPQ4050.F5|bA44 2015</subfield>
      </datafield>
  </record>