
  <record>
    <leader>00000cam a2200457   4500</leader>
      <controlfield tag='008'>120202s2012    gw ae    bc   000 0 ger d</controlfield>
      <controlfield tag='001'>775065937</controlfield>
      <controlfield tag='003'>OCoLC</controlfield>
      <controlfield tag='005'>20120820142907.1</controlfield>
      <datafield ind1=' ' ind2=' ' tag='020'>
        <subfield code='a'>9783775733052</subfield>
      </datafield>
      <datafield ind1=' ' ind2=' ' tag='020'>
        <subfield code='a'>3775733051</subfield>
      </datafield>
      <datafield ind1=' ' ind2=' ' tag='035'>
        <subfield code='a'>(OCoLC)775065937</subfield>
      </datafield>
      <datafield ind1=' ' ind2=' ' tag='040'>
        <subfield code='a'>ERASA</subfield>
        <subfield code='c'>ERASA</subfield>
        <subfield code='d'>OCLCQ</subfield>
        <subfield code='d'>OHX</subfield>
        <subfield code='d'>YDXCP</subfield>
        <subfield code='d'>FXM</subfield>
        <subfield code='d'>NhCcYBP</subfield>
      </datafield>
      <datafield ind1='0' ind2=' ' tag='041'>
        <subfield code='a'>ger</subfield>
        <subfield code='h'>eng</subfield>
      </datafield>
      <datafield ind1=' ' ind2=' ' tag='042'>
        <subfield code='a'>pcc</subfield>
      </datafield>
      <datafield ind1=' ' ind2='4' tag='050'>
        <subfield code='a'>N6811.5.K55</subfield>
        <subfield code='b'>A4 2012</subfield>
      </datafield>
      <datafield ind1='0' ind2='4' tag='082'>
        <subfield code='a'>709.2</subfield>
        <subfield code='2'>23</subfield>
      </datafield>
      <datafield ind1='1' ind2=' ' tag='100'>
        <subfield code='a'>Klimt, Gustav,</subfield>
        <subfield code='d'>1862-1918.</subfield>
      </datafield>
      <datafield ind1='1' ind2='0' tag='245'>
        <subfield code='a'>Gustav Klimt :</subfield>
        <subfield code='b'>Erwartung und Erfüllung : Entwürfe zum Mosaikfries im Palais Stoclet /</subfield>
        <subfield code='c'>herausgegeben von Christoph Thun-Hohenstein und Beate Murr ; mit Texten von Rainald Franz ... [et al.] = Expectation and fulfillment : cartoons for the mosaic frieze at Stoclet House / edited by Christoph Thun-Hohenstein and Beate Murr ; with contributions by Rainald Franz ... [et al.].</subfield>
      </datafield>
      <datafield ind1='3' ind2='0' tag='246'>
        <subfield code='a'>Erwartung und Erfülling</subfield>
      </datafield>
      <datafield ind1='3' ind2='1' tag='246'>
        <subfield code='a'>Expectation and fulfillment</subfield>
      </datafield>
      <datafield ind1=' ' ind2=' ' tag='260'>
        <subfield code='a'>Ostfildern, Germany :</subfield>
        <subfield code='b'>Hatje Cantz</subfield>
        <subfield code='c'>c2012.</subfield>
      </datafield>
      <datafield ind1=' ' ind2=' ' tag='300'>
        <subfield code='a'>129 p. :</subfield>
        <subfield code='b'>col. ill., plans ;</subfield>
        <subfield code='c'>26 cm.</subfield>
      </datafield>
      <datafield ind1=' ' ind2=' ' tag='504'>
        <subfield code='a'>Includes bibliographical references (p. 128-129).</subfield>
      </datafield>
      <datafield ind1='8' ind2=' ' tag='520'>
        <subfield code='a'>In 1905, Adolphe Stoclet commissioned a private mansion in Brussels. A synthesis of the arts, it was decorated by artists from and friends of the Wiener Werkstätte. On the occasion of the completion of the frieze&apos;s restoration, this publication now traces Klimt&apos;s approach and compares his instructions with the pieces of the mosaic executed by the Wiener Werkstätte and relics of their work. It also includes details on the restoration and conservation of the frieze, and sheds light on the appropriation of the motifs in terms of history and art history as well as Klimt&apos;s reception of Japanese painting. Exhibition: MAK, Vienna, Austria (21.3.-15.7.2012).</subfield>
      </datafield>
      <datafield ind1=' ' ind2=' ' tag='546'>
        <subfield code='a'>German and English.</subfield>
      </datafield>
      <datafield ind1='1' ind2='0' tag='600'>
        <subfield code='a'>Klimt, Gustav,</subfield>
        <subfield code='d'>1862-1918.</subfield>
        <subfield code='t'>Stoclet frieze</subfield>
        <subfield code='v'>Exhibitions.</subfield>
      </datafield>
      <datafield ind1='2' ind2='0' tag='610'>
        <subfield code='a'>Palais Stoclet (Brussels, Belgium)</subfield>
        <subfield code='v'>Exhibitions.</subfield>
      </datafield>
      <datafield ind1=' ' ind2='0' tag='650'>
        <subfield code='a'>Artists&apos; preparatory studies</subfield>
        <subfield code='v'>Exhibitions.</subfield>
      </datafield>
      <datafield ind1='1' ind2=' ' tag='700'>
        <subfield code='a'>Thun-Hohenstein, Christoph.</subfield>
      </datafield>
      <datafield ind1='1' ind2=' ' tag='700'>
        <subfield code='a'>Murr, Beate.</subfield>
      </datafield>
      <datafield ind1='1' ind2=' ' tag='700'>
        <subfield code='a'>Franz, Rainald,</subfield>
        <subfield code='d'>1964-</subfield>
      </datafield>
      <datafield ind1='2' ind2=' ' tag='710'>
        <subfield code='a'>Österreichisches Museum für Angewandte Kunst.</subfield>
      </datafield>
      <datafield ind1=' ' ind2='0' tag='830'>
        <subfield code='a'>MAK Studies ;</subfield>
        <subfield code='v'>21.</subfield>
      </datafield>
      <datafield ind1=' ' ind2='1' tag='907'>
        <subfield code='a'>b7315055</subfield>
      </datafield>
      <datafield ind1='9' ind2='1' tag='999'>
        <subfield code='i'>i9901079</subfield>
        <subfield code='l'>aada</subfield>
        <subfield code='s'>-</subfield>
        <subfield code='t'>0</subfield>
        <subfield code='c'>1</subfield>
        <subfield code='o'>1</subfield>
        <subfield code='b'>00045619589</subfield>
        <subfield code='p'>050</subfield>
        <subfield code='q'>|aN6811.5.K55|bA4 2012b</subfield>
      </datafield>
  </record>