
  <record>
    <leader>00000cam  2200169 a 4500</leader>
      <controlfield tag='008'>960801s1996    ne            000 0 dut  </controlfield>
      <controlfield tag='001'>35364994</controlfield>
      <controlfield tag='005'>19971103131510.0</controlfield>
      <datafield ind1=' ' ind2=' ' tag='010'>
        <subfield code='a'>96175765 //r97</subfield>
      </datafield>
      <datafield ind1=' ' ind2=' ' tag='020'>
        <subfield code='a'>9023435524</subfield>
      </datafield>
      <datafield ind1=' ' ind2=' ' tag='040'>
        <subfield code='a'>DLC</subfield>
        <subfield code='c'>DLC</subfield>
        <subfield code='d'>NOC</subfield>
      </datafield>
      <datafield ind1=' ' ind2=' ' tag='042'>
        <subfield code='a'>pcc</subfield>
      </datafield>
      <datafield ind1='0' ind2='4' tag='050'>
        <subfield code='a'>PT6410.C553</subfield>
        <subfield code='b'>E44 1996</subfield>
      </datafield>
      <datafield ind1='1' ind2=' ' tag='100'>
        <subfield code='a'>Claus, Hugo,</subfield>
        <subfield code='d'>1929-2008.</subfield>
      </datafield>
      <datafield ind1='1' ind2='3' tag='245'>
        <subfield code='a'>De eieren van de kaaiman /</subfield>
        <subfield code='c'>Hugo Claus.</subfield>
      </datafield>
      <datafield ind1=' ' ind2=' ' tag='260'>
        <subfield code='a'>Amsterdam :</subfield>
        <subfield code='b'>De Bezige Bij,</subfield>
        <subfield code='c'>1996.</subfield>
      </datafield>
      <datafield ind1=' ' ind2=' ' tag='300'>
        <subfield code='a'>116 p. ;</subfield>
        <subfield code='c'>20 cm.</subfield>
      </datafield>
      <datafield ind1=' ' ind2=' ' tag='907'>
        <subfield code='a'>b3076141</subfield>
      </datafield>
      <datafield ind1='9' ind2='1' tag='999'>
        <subfield code='i'>i4369747</subfield>
        <subfield code='l'>ddda</subfield>
        <subfield code='s'>-</subfield>
        <subfield code='t'>0</subfield>
        <subfield code='c'>1</subfield>
        <subfield code='o'>0</subfield>
        <subfield code='b'>00014556937</subfield>
        <subfield code='p'>090</subfield>
        <subfield code='q'>|aPT6410.C553 E44 1996</subfield>
      </datafield>
  </record>