
  <record>
    <leader>00000nam  2200397Ia 4500</leader>
      <controlfield tag='006'>m     o  d</controlfield>
      <controlfield tag='007'>cr cn||||||||a</controlfield>
      <controlfield tag='008'>020916s2002    enk     ob    001 0 eng d</controlfield>
      <controlfield tag='001'>ebr10023553</controlfield>
      <controlfield tag='003'>CaPaEBR</controlfield>
      <datafield ind1=' ' ind2=' ' tag='020'>
        <subfield code='z'>0521813670 (hbk)</subfield>
      </datafield>
      <datafield ind1=' ' ind2=' ' tag='020'>
        <subfield code='z'>0521890594 (pbk)</subfield>
      </datafield>
      <datafield ind1=' ' ind2=' ' tag='035'>
        <subfield code='a'>(OCoLC)559789410</subfield>
      </datafield>
      <datafield ind1=' ' ind2=' ' tag='040'>
        <subfield code='a'>CaPaEBR</subfield>
        <subfield code='c'>CaPaEBR</subfield>
      </datafield>
      <datafield ind1='1' ind2='4' tag='050'>
        <subfield code='a'>PN98.C6</subfield>
        <subfield code='b'>M37 2002eb</subfield>
      </datafield>
      <datafield ind1='0' ind2='4' tag='082'>
        <subfield code='a'>325.3</subfield>
        <subfield code='2'>21</subfield>
      </datafield>
      <datafield ind1='0' ind2='0' tag='245'>
        <subfield code='a'>Marxism, modernity, and postcolonial studies</subfield>
        <subfield code='h'>[electronic resource] /</subfield>
        <subfield code='c'>edited by Crystal Bartolovich and Neil Lazarus.</subfield>
      </datafield>
      <datafield ind1=' ' ind2=' ' tag='260'>
        <subfield code='a'>Cambridge :</subfield>
        <subfield code='b'>Cambridge University Press,</subfield>
        <subfield code='c'>c2002.</subfield>
      </datafield>
      <datafield ind1=' ' ind2=' ' tag='300'>
        <subfield code='a'>1 online resource (x, 290 p.)</subfield>
      </datafield>
      <datafield ind1=' ' ind2=' ' tag='504'>
        <subfield code='a'>Includes bibliographical references (p. 257-278) and index.</subfield>
      </datafield>
      <datafield ind1='0' ind2=' ' tag='505'>
        <subfield code='a'>Marxism, modernity, and postcolonial studies / Crystal Bartolovich -- Rise of East Asia and the withering away of the interstate system / Giovanni Arrighi -- Fetish of &quot;the West&quot; in postcolonial theory / Neil Lazarus -- Eurocentric Marx and Engels and other related myths / August Nimtz -- Karl Marx, Eurocentrism, and the 1857 Revolt in British India / Pranav Jani -- Misplaced ideas? Locating and dislocating Ireland in colonial and postcolonial studies / Joe Cleary -- Liberation theory : variations on themes of Marxism and modernity / Benita Parry -- Sex, space, and modernity in the work of Rashid Jahan, &quot;Angareywali&quot; / Priyamvada Gopal -- Was there time before race? Capitalist modernity and the origins of racism / Helen Scott -- Postcolonial studies between the European wars : an intellectual history / Timothy Brennan -- Marxism, postcolonialism, and The eighteenth brumaire / Neil Larsen -- Postcolonialism and the problematic of uneven development / E. San Juan, Jr. -- Adorno, authenticity, critique / Keya Ganguly.</subfield>
      </datafield>
      <datafield ind1='1' ind2=' ' tag='506'>
        <subfield code='a'>Access limited to UNC Chapel Hill-authenticated users.</subfield>
        <subfield code='f'>Unlimited simultaneous users</subfield>
      </datafield>
      <datafield ind1=' ' ind2='0' tag='650'>
        <subfield code='a'>Marxist criticism.</subfield>
      </datafield>
      <datafield ind1=' ' ind2='0' tag='650'>
        <subfield code='a'>Postcolonialism.</subfield>
      </datafield>
      <datafield ind1=' ' ind2='0' tag='650'>
        <subfield code='a'>Eurocentrism.</subfield>
      </datafield>
      <datafield ind1='1' ind2=' ' tag='700'>
        <subfield code='a'>Bartolovich, Crystal.</subfield>
      </datafield>
      <datafield ind1='1' ind2=' ' tag='700'>
        <subfield code='a'>Lazarus, Neil,</subfield>
        <subfield code='d'>1953-</subfield>
      </datafield>
      <datafield ind1='0' ind2=' ' tag='773'>
        <subfield code='t'>Ebrary academic complete (online collection)</subfield>
      </datafield>
      <datafield ind1=' ' ind2='0' tag='830'>
        <subfield code='a'>Cultural margins ;</subfield>
        <subfield code='v'>10.</subfield>
      </datafield>
      <datafield ind1='4' ind2='0' tag='856'>
        <subfield code='y'>Full text available via the UNC-Chapel Hill Libraries</subfield>
        <subfield code='u'>http://libproxy.lib.unc.edu/login?url=http://site.ebrary.com/lib/uncch/Doc?id=10023553</subfield>
      </datafield>
      <datafield ind1=' ' ind2=' ' tag='907'>
        <subfield code='a'>b8002077</subfield>
      </datafield>
  </record>