
  <record>
    <leader>00000cam a2200325Ma 4500</leader>
      <controlfield tag='006'>m     o  d</controlfield>
      <controlfield tag='008'>060112s1839    xx      o     000 0 spa d</controlfield>
      <controlfield tag='007'>cr |n||||||||n</controlfield>
      <controlfield tag='001'>65273886momw</controlfield>
      <controlfield tag='003'>OCoLC</controlfield>
      <controlfield tag='005'>20071126070728.0</controlfield>
      <datafield ind1=' ' ind2=' ' tag='040'>
        <subfield code='a'>GMOME</subfield>
        <subfield code='c'>GMOME</subfield>
      </datafield>
      <datafield ind1=' ' ind2=' ' tag='043'>
        <subfield code='a'>n-mx---</subfield>
      </datafield>
      <datafield ind1='1' ind2=' ' tag='100'>
        <subfield code='a'>Azcárate, Miguel María de.</subfield>
      </datafield>
      <datafield ind1='1' ind2='0' tag='245'>
        <subfield code='a'>Noticias estadísticas que sobre los efectos de consumo introducidos en esta capital en el quinquenio de 1834 y 1838</subfield>
        <subfield code='h'>[electronic resource] /</subfield>
        <subfield code='c'>presenta el Comandante del Resguardo de Rentas Unidas de Mexico, Miguel María de Azcárate.</subfield>
      </datafield>
      <datafield ind1=' ' ind2=' ' tag='260'>
        <subfield code='a'>[S.l. :</subfield>
        <subfield code='b'>s.n.],</subfield>
        <subfield code='c'>1839</subfield>
        <subfield code='e'>(Mexico :</subfield>
        <subfield code='b'>Impr. del Aguila)</subfield>
      </datafield>
      <datafield ind1=' ' ind2=' ' tag='300'>
        <subfield code='a'>1 online resource (38 (i.e. 46) p.)</subfield>
      </datafield>
      <datafield ind1=' ' ind2=' ' tag='500'>
        <subfield code='a'>Page 46 mistakenly numbered 38.</subfield>
      </datafield>
      <datafield ind1=' ' ind2=' ' tag='500'>
        <subfield code='a'>Reproduction of original from Widener Library, Harvard University.</subfield>
      </datafield>
      <datafield ind1=' ' ind2=' ' tag='500'>
        <subfield code='a'>Goldsmiths&apos;-Kress no. 31031.1.</subfield>
      </datafield>
      <datafield ind1='1' ind2=' ' tag='506'>
        <subfield code='a'>Access limited to UNC Chapel Hill-authenticated users.</subfield>
        <subfield code='f'>Unlimited simultaneous users</subfield>
      </datafield>
      <datafield ind1=' ' ind2='0' tag='650'>
        <subfield code='a'>Tax collection</subfield>
        <subfield code='z'>Mexico</subfield>
        <subfield code='z'>Mexico City.</subfield>
      </datafield>
      <datafield ind1=' ' ind2='0' tag='650'>
        <subfield code='a'>Customs administration</subfield>
        <subfield code='z'>Mexico</subfield>
        <subfield code='z'>Mexico City.</subfield>
      </datafield>
      <datafield ind1=' ' ind2='0' tag='650'>
        <subfield code='a'>Produce trade</subfield>
        <subfield code='z'>Mexico</subfield>
        <subfield code='z'>Mexico City.</subfield>
      </datafield>
      <datafield ind1='0' ind2=' ' tag='773'>
        <subfield code='t'>Making of the modern world (online collection). Part 1. Ebooks</subfield>
      </datafield>
      <datafield ind1='4' ind2='0' tag='856'>
        <subfield code='u'>http://libproxy.lib.unc.edu/login?url=http://galenet.galegroup.com/servlet/MOME?af=RN&amp;ae=U105709489&amp;srchtp=a&amp;ste=14&amp;q=unc_main</subfield>
        <subfield code='y'>Full text available via the UNC-Chapel Hill Libraries</subfield>
        <subfield code='x'>Making of the Modern World</subfield>
      </datafield>
      <datafield ind1=' ' ind2=' ' tag='907'>
        <subfield code='a'>b7733047</subfield>
      </datafield>
  </record>