
  <record>
    <leader>00000ccm a2200313Ki 4500</leader>
      <controlfield tag='008'>771202s1976    nyuzza         n    fre d</controlfield>
      <controlfield tag='001'>3460957</controlfield>
      <controlfield tag='005'>19940714084224.0</controlfield>
      <datafield ind1='2' ind2='0' tag='028'>
        <subfield code='a'>Pl. no. B-B 321.</subfield>
        <subfield code='b'>Boelke-Bomart Publications</subfield>
      </datafield>
      <datafield ind1=' ' ind2=' ' tag='040'>
        <subfield code='a'>IQU</subfield>
        <subfield code='c'>IQU</subfield>
        <subfield code='d'>NOC</subfield>
      </datafield>
      <datafield ind1='0' ind2=' ' tag='041'>
        <subfield code='a'>frespaeng</subfield>
      </datafield>
      <datafield ind1='1' ind2=' ' tag='100'>
        <subfield code='a'>Leibowitz, René,</subfield>
        <subfield code='d'>1913-1972.</subfield>
      </datafield>
      <datafield ind1='1' ind2='0' tag='245'>
        <subfield code='a'>Three poems of Pierre Reverdy :</subfield>
        <subfield code='b'>from Les ardoises du toit : for vocal quartet (or chamber chorus) and piano : op. 92 /</subfield>
        <subfield code='c'>René Leibowitz ; Spanish translations by Sylvia and Carlos Tuxen-Bang.</subfield>
      </datafield>
      <datafield ind1=' ' ind2=' ' tag='260'>
        <subfield code='a'>Hilldale, N.Y. :</subfield>
        <subfield code='b'>Boelke-Bomart Publications,</subfield>
        <subfield code='c'>c1976</subfield>
      </datafield>
      <datafield ind1=' ' ind2=' ' tag='300'>
        <subfield code='a'>1 score (14 p.) ;</subfield>
        <subfield code='c'>27 cm.</subfield>
      </datafield>
      <datafield ind1=' ' ind2=' ' tag='500'>
        <subfield code='a'>Cover title.</subfield>
      </datafield>
      <datafield ind1=' ' ind2=' ' tag='500'>
        <subfield code='a'>French and Spanish words, with English translation printed as text.</subfield>
      </datafield>
      <datafield ind1='0' ind2=' ' tag='505'>
        <subfield code='a'>Son de cloche.--Air.--Soleil.</subfield>
      </datafield>
      <datafield ind1='1' ind2='0' tag='600'>
        <subfield code='a'>Reverdy, Pierre,</subfield>
        <subfield code='d'>1889-1960</subfield>
        <subfield code='v'>Musical settings.</subfield>
      </datafield>
      <datafield ind1=' ' ind2='0' tag='650'>
        <subfield code='a'>Vocal quartets with piano.</subfield>
      </datafield>
      <datafield ind1=' ' ind2='0' tag='830'>
        <subfield code='a'>Twentieth century music series.</subfield>
      </datafield>
      <datafield ind1=' ' ind2=' ' tag='907'>
        <subfield code='a'>b2600481</subfield>
      </datafield>
      <datafield ind1='9' ind2='1' tag='999'>
        <subfield code='i'>i3738843</subfield>
        <subfield code='l'>mmda</subfield>
        <subfield code='s'>-</subfield>
        <subfield code='t'>45</subfield>
        <subfield code='c'>1</subfield>
        <subfield code='o'>0</subfield>
        <subfield code='b'>00010977758</subfield>
        <subfield code='p'>090</subfield>
        <subfield code='q'>|aM1552.L45 P6 1976</subfield>
      </datafield>
  </record>