
  <record>
    <leader>00000cam  2200253 a 4500</leader>
      <controlfield tag='008'>990709s1999    fr a     b    001 0 fre  </controlfield>
      <controlfield tag='001'>41506120</controlfield>
      <controlfield tag='005'>20010705103207.0</controlfield>
      <datafield ind1=' ' ind2=' ' tag='010'>
        <subfield code='a'>99225144</subfield>
      </datafield>
      <datafield ind1=' ' ind2=' ' tag='020'>
        <subfield code='a'>2271056314</subfield>
      </datafield>
      <datafield ind1=' ' ind2=' ' tag='040'>
        <subfield code='a'>DLC</subfield>
        <subfield code='c'>DLC</subfield>
        <subfield code='d'>TZT</subfield>
        <subfield code='d'>NOC</subfield>
      </datafield>
      <datafield ind1='0' ind2='0' tag='050'>
        <subfield code='a'>PG2306</subfield>
        <subfield code='b'>.A73 1999</subfield>
      </datafield>
      <datafield ind1='0' ind2='0' tag='082'>
        <subfield code='a'>491.75</subfield>
        <subfield code='2'>21</subfield>
      </datafield>
      <datafield ind1='1' ind2=' ' tag='100'>
        <subfield code='a'>Archaimbault, Sylvie.</subfield>
      </datafield>
      <datafield ind1='1' ind2='0' tag='245'>
        <subfield code='a'>Préhistoire de l&apos;aspect verbal :</subfield>
        <subfield code='b'>l&apos;émergence de la notion dans les grammaires russes /</subfield>
        <subfield code='c'>Sylvie Archaimbault.</subfield>
      </datafield>
      <datafield ind1=' ' ind2=' ' tag='260'>
        <subfield code='a'>Paris :</subfield>
        <subfield code='b'>CNRS,</subfield>
        <subfield code='c'>1999.</subfield>
      </datafield>
      <datafield ind1=' ' ind2=' ' tag='300'>
        <subfield code='a'>251 p. :</subfield>
        <subfield code='b'>ill. ;</subfield>
        <subfield code='c'>24 cm.</subfield>
      </datafield>
      <datafield ind1=' ' ind2=' ' tag='504'>
        <subfield code='a'>Includes bibliographical references (p. [233]-246) and index.</subfield>
      </datafield>
      <datafield ind1=' ' ind2='0' tag='650'>
        <subfield code='a'>Russian language</subfield>
        <subfield code='x'>Aspect.</subfield>
      </datafield>
      <datafield ind1=' ' ind2='0' tag='650'>
        <subfield code='a'>Russian language</subfield>
        <subfield code='x'>Grammar, Historical.</subfield>
      </datafield>
      <datafield ind1=' ' ind2=' ' tag='653'>
        <subfield code='a'>Russian grammar</subfield>
      </datafield>
      <datafield ind1=' ' ind2='0' tag='830'>
        <subfield code='a'>Sciences du langage (Paris, France)</subfield>
      </datafield>
      <datafield ind1=' ' ind2=' ' tag='907'>
        <subfield code='a'>b3914788</subfield>
      </datafield>
      <datafield ind1='9' ind2='1' tag='999'>
        <subfield code='i'>i5401007</subfield>
        <subfield code='l'>ddda</subfield>
        <subfield code='s'>-</subfield>
        <subfield code='t'>0</subfield>
        <subfield code='c'>1</subfield>
        <subfield code='o'>1</subfield>
        <subfield code='b'>00019409631</subfield>
        <subfield code='p'>090</subfield>
        <subfield code='q'>|aPG2306 .A73 1999</subfield>
      </datafield>
  </record>