
  <record>
    <leader>00000ngm a2200505Ia 4500</leader>
      <controlfield tag='006'>m    |o  c |</controlfield>
      <controlfield tag='007'>cr cna</controlfield>
      <controlfield tag='007'>vz czazzu</controlfield>
      <controlfield tag='008'>130405s2011||||nyu008 |     |o   vleng|d</controlfield>
      <controlfield tag='001'>FMGFOD48619</controlfield>
      <controlfield tag='003'>FOD</controlfield>
      <controlfield tag='005'>20130406151047.0</controlfield>
      <datafield ind1='4' ind2='0' tag='028'>
        <subfield code='a'>48619</subfield>
        <subfield code='b'>Films Media Group</subfield>
      </datafield>
      <datafield ind1=' ' ind2=' ' tag='035'>
        <subfield code='a'>(OCoLC)836718067</subfield>
      </datafield>
      <datafield ind1=' ' ind2=' ' tag='040'>
        <subfield code='a'>AzPhAEM</subfield>
        <subfield code='b'>eng</subfield>
      </datafield>
      <datafield ind1='0' ind2='0' tag='245'>
        <subfield code='a'>TEDTalks</subfield>
        <subfield code='h'>[electronic resource] :</subfield>
        <subfield code='b'>Isabel Behncke - Evolution&apos;s Gift of Play, from Bonobo Apes to Humans /</subfield>
        <subfield code='c'>TED Conferences LLC.</subfield>
      </datafield>
      <datafield ind1='3' ind2=' ' tag='246'>
        <subfield code='a'>Evolution&apos;s Gift of Play, from Bonobo Apes to Humans</subfield>
      </datafield>
      <datafield ind1='3' ind2=' ' tag='246'>
        <subfield code='a'>Isabel Behncke</subfield>
      </datafield>
      <datafield ind1='3' ind2=' ' tag='246'>
        <subfield code='a'>Isabel Behncke - Evolution&apos;s Gift of Play, from Bonobo Apes to Humans</subfield>
      </datafield>
      <datafield ind1='3' ind2=' ' tag='260'>
        <subfield code='a'>New York, N.Y. :</subfield>
        <subfield code='b'>Films Media Group,</subfield>
        <subfield code='c'>[2012], c2011.</subfield>
      </datafield>
      <datafield ind1=' ' ind2=' ' tag='300'>
        <subfield code='a'>1 streaming video (8 min.)</subfield>
      </datafield>
      <datafield ind1=' ' ind2=' ' tag='336'>
        <subfield code='a'>two-dimensional moving image</subfield>
        <subfield code='b'>tdi</subfield>
        <subfield code='2'>rdacontent</subfield>
      </datafield>
      <datafield ind1=' ' ind2=' ' tag='337'>
        <subfield code='a'>computer</subfield>
        <subfield code='b'>c</subfield>
        <subfield code='2'>rdamedia</subfield>
      </datafield>
      <datafield ind1=' ' ind2=' ' tag='338'>
        <subfield code='a'>online resource</subfield>
        <subfield code='b'>cr</subfield>
        <subfield code='2'>rdacarrier</subfield>
      </datafield>
      <datafield ind1='0' ind2=' ' tag='505'>
        <subfield code='a'>Our Cousin: The Bonobo (1:26) -- Bonobos in the Congo: Peace Amidst War (1:26) -- Play as an Evolutionary Tool for Bonobos &amp; Humans (0:46) -- Bonobos&apos; Sex Play &amp; Trust (1:02) -- Bonobo&apos;s Queit Play &amp; Creativity (0:42) -- Play: The Key to a Better Future (1:14) -- Credits: TEDTalks: Isabel Behncke - Evolution&apos;s Gift of Play, from Bonobo Apes to Humans (0:05)</subfield>
      </datafield>
      <datafield ind1='1' ind2=' ' tag='506'>
        <subfield code='a'>Access limited to UNC Chapel Hill-authenticated users.</subfield>
        <subfield code='f'>Unlimited simultaneous users</subfield>
      </datafield>
      <datafield ind1=' ' ind2=' ' tag='520'>
        <subfield code='a'>Using never-before-shown video, primatologist and TED Fellow Isabel Behncke Izquierdo illustrates how bonobo ape society learns from constantly playing - solo, with friends, even as a prelude to sex. Indeed, play appears to be the bonobos&apos; key to problem-solving and avoiding conflict. If it works for our close cousins, why not for us?</subfield>
      </datafield>
      <datafield ind1='2' ind2=' ' tag='521'>
        <subfield code='a'>13 &amp; up.</subfield>
      </datafield>
      <datafield ind1='0' ind2=' ' tag='588'>
        <subfield code='a'>Title from distributor&apos;s description.</subfield>
      </datafield>
      <datafield ind1=' ' ind2='0' tag='650'>
        <subfield code='a'>Adolescence.</subfield>
      </datafield>
      <datafield ind1=' ' ind2='0' tag='650'>
        <subfield code='a'>Biodiversity.</subfield>
      </datafield>
      <datafield ind1=' ' ind2='0' tag='650'>
        <subfield code='a'>Child development.</subfield>
      </datafield>
      <datafield ind1=' ' ind2='0' tag='650'>
        <subfield code='a'>Developmental psychology.</subfield>
      </datafield>
      <datafield ind1=' ' ind2='0' tag='650'>
        <subfield code='a'>Evolution (Biology)</subfield>
      </datafield>
      <datafield ind1=' ' ind2='0' tag='655'>
        <subfield code='a'>Educational films.</subfield>
      </datafield>
      <datafield ind1='2' ind2=' ' tag='710'>
        <subfield code='a'>TED Conferences LLC.</subfield>
      </datafield>
      <datafield ind1='0' ind2=' ' tag='773'>
        <subfield code='t'>FMG films on demand (online collection)</subfield>
      </datafield>
      <datafield ind1='4' ind2='0' tag='856'>
        <subfield code='u'>http://libproxy.lib.unc.edu/login?url=http://fod.infobase.com/PortalPlaylists.aspx?wID=102632&amp;xtid=48619</subfield>
        <subfield code='y'>Streaming video available via the UNC-Chapel Hill Libraries</subfield>
        <subfield code='x'>FMG Films on Demand</subfield>
      </datafield>
      <datafield ind1=' ' ind2=' ' tag='919'>
        <subfield code='a'>filmfinder</subfield>
      </datafield>
      <datafield ind1=' ' ind2='1' tag='907'>
        <subfield code='a'>b7392919</subfield>
      </datafield>
  </record>