
  <record>
    <leader>00000ncm a2200301Ia 4500</leader>
      <controlfield tag='008'>040504s1994    gw zza   h     n    zxx d</controlfield>
      <controlfield tag='001'>55070859</controlfield>
      <controlfield tag='003'>OCoLC</controlfield>
      <controlfield tag='005'>20060316093602.0</controlfield>
      <datafield ind1='2' ind2=' ' tag='024'>
        <subfield code='a'>M500930136</subfield>
      </datafield>
      <datafield ind1=' ' ind2=' ' tag='035'>
        <subfield code='a'>(OCoLC)55070859</subfield>
      </datafield>
      <datafield ind1=' ' ind2=' ' tag='040'>
        <subfield code='a'>EXW</subfield>
        <subfield code='c'>EXW</subfield>
        <subfield code='d'>NOC</subfield>
      </datafield>
      <datafield ind1='0' ind2=' ' tag='041'>
        <subfield code='g'>ger</subfield>
        <subfield code='g'>eng</subfield>
        <subfield code='g'>fre</subfield>
      </datafield>
      <datafield ind1='0' ind2=' ' tag='045'>
        <subfield code='b'>d1993</subfield>
      </datafield>
      <datafield ind1=' ' ind2=' ' tag='049'>
        <subfield code='a'>OFC1</subfield>
      </datafield>
      <datafield ind1='1' ind2=' ' tag='100'>
        <subfield code='a'>Meyer, Krzysztof.</subfield>
      </datafield>
      <datafield ind1='1' ind2='0' tag='240'>
        <subfield code='a'>Trios,</subfield>
        <subfield code='m'>violin, viola, cello,</subfield>
        <subfield code='n'>op. 81</subfield>
      </datafield>
      <datafield ind1='1' ind2='0' tag='245'>
        <subfield code='a'>Streichtrio, op. 81 /</subfield>
        <subfield code='c'>Krzysztof Meyer.</subfield>
      </datafield>
      <datafield ind1=' ' ind2=' ' tag='254'>
        <subfield code='a'>Partitur [und Einzelstimmen].</subfield>
      </datafield>
      <datafield ind1=' ' ind2=' ' tag='260'>
        <subfield code='a'>München :</subfield>
        <subfield code='b'>Edition Pro Nova ;</subfield>
        <subfield code='a'>[Berlin :</subfield>
        <subfield code='b'>Neue Musik GMBH (Distribution)],</subfield>
        <subfield code='c'>c1994.</subfield>
      </datafield>
      <datafield ind1=' ' ind2=' ' tag='300'>
        <subfield code='a'>1 score (38 p.) + 3 parts ;</subfield>
        <subfield code='c'>30 cm.</subfield>
      </datafield>
      <datafield ind1=' ' ind2=' ' tag='546'>
        <subfield code='a'>Technical note in German, English, and French.</subfield>
      </datafield>
      <datafield ind1=' ' ind2='0' tag='650'>
        <subfield code='a'>String trios</subfield>
        <subfield code='v'>Scores and parts.</subfield>
      </datafield>
      <datafield ind1=' ' ind2=' ' tag='907'>
        <subfield code='a'>b4613153</subfield>
      </datafield>
      <datafield ind1='9' ind2='1' tag='999'>
        <subfield code='i'>i6350244</subfield>
        <subfield code='l'>mmda</subfield>
        <subfield code='s'>-</subfield>
        <subfield code='t'>45</subfield>
        <subfield code='c'>1</subfield>
        <subfield code='o'>0</subfield>
        <subfield code='b'>00024653661</subfield>
        <subfield code='p'>090</subfield>
        <subfield code='q'>|aM351|b.M49 op.81, 1994</subfield>
      </datafield>
  </record>