
  <record>
    <leader>00000cam  22003254a 4500</leader>
      <controlfield tag='008'>060126s2005    ru acf        000 0arusoc</controlfield>
      <controlfield tag='001'>76696579</controlfield>
      <controlfield tag='003'>OCoLC</controlfield>
      <controlfield tag='005'>20090107121651.0</controlfield>
      <datafield ind1=' ' ind2=' ' tag='010'>
        <subfield code='a'>2006427481</subfield>
      </datafield>
      <datafield ind1=' ' ind2=' ' tag='020'>
        <subfield code='a'>5719602666</subfield>
      </datafield>
      <datafield ind1=' ' ind2=' ' tag='020'>
        <subfield code='a'>9785719602660</subfield>
      </datafield>
      <datafield ind1=' ' ind2=' ' tag='035'>
        <subfield code='a'>(OCoLC)76696579</subfield>
      </datafield>
      <datafield ind1=' ' ind2=' ' tag='040'>
        <subfield code='a'>ZCU</subfield>
        <subfield code='c'>ZCU</subfield>
        <subfield code='d'>DLC</subfield>
        <subfield code='d'>PUL</subfield>
        <subfield code='d'>OCLCG</subfield>
        <subfield code='d'>NOC</subfield>
      </datafield>
      <datafield ind1=' ' ind2=' ' tag='042'>
        <subfield code='a'>pcc</subfield>
      </datafield>
      <datafield ind1=' ' ind2=' ' tag='043'>
        <subfield code='a'>e-ru---</subfield>
      </datafield>
      <datafield ind1=' ' ind2=' ' tag='049'>
        <subfield code='a'>NOCC</subfield>
      </datafield>
      <datafield ind1='0' ind2='0' tag='050'>
        <subfield code='a'>PN2728.A513</subfield>
        <subfield code='b'>A3 2005</subfield>
      </datafield>
      <datafield ind1='1' ind2=' ' tag='100'>
        <subfield code='a'>Andreev, V. A.</subfield>
        <subfield code='q'>(Vladimir Alekseevich)</subfield>
      </datafield>
      <datafield ind1='1' ind2='0' tag='245'>
        <subfield code='a'>&quot;︠I︡A vspomina︠i︡u, serde︠t︡sem posvetlev--&quot; :</subfield>
        <subfield code='b'>o tvorchestve i sudʹbe /</subfield>
        <subfield code='c'>V. Andreev.</subfield>
      </datafield>
      <datafield ind1=' ' ind2=' ' tag='260'>
        <subfield code='a'>Moskva :</subfield>
        <subfield code='b'>Izd-vo &quot;GITIS&quot;,</subfield>
        <subfield code='c'>2005.</subfield>
      </datafield>
      <datafield ind1=' ' ind2=' ' tag='300'>
        <subfield code='a'>204 p., [16] leaves of plates :</subfield>
        <subfield code='b'>ill., ports. ;</subfield>
        <subfield code='c'>23 cm.</subfield>
      </datafield>
      <datafield ind1='1' ind2='0' tag='600'>
        <subfield code='a'>Andreev, V. A.</subfield>
        <subfield code='q'>(Vladimir Alekseevich)</subfield>
      </datafield>
      <datafield ind1=' ' ind2='0' tag='650'>
        <subfield code='a'>Theatrical producers and directors</subfield>
        <subfield code='z'>Russia (Federation)</subfield>
        <subfield code='v'>Biography.</subfield>
      </datafield>
      <datafield ind1=' ' ind2='0' tag='650'>
        <subfield code='a'>Actors</subfield>
        <subfield code='z'>Russia (Federation)</subfield>
        <subfield code='v'>Biography.</subfield>
      </datafield>
      <datafield ind1=' ' ind2='0' tag='650'>
        <subfield code='a'>Theater</subfield>
        <subfield code='z'>Russia (Federation)</subfield>
        <subfield code='x'>History</subfield>
        <subfield code='y'>20th century.</subfield>
      </datafield>
      <datafield ind1=' ' ind2=' ' tag='907'>
        <subfield code='a'>b5749226</subfield>
      </datafield>
      <datafield ind1='9' ind2='1' tag='999'>
        <subfield code='i'>i7626345</subfield>
        <subfield code='l'>ddda</subfield>
        <subfield code='s'>-</subfield>
        <subfield code='t'>0</subfield>
        <subfield code='c'>1</subfield>
        <subfield code='o'>0</subfield>
        <subfield code='b'>00032659784</subfield>
        <subfield code='p'>050</subfield>
        <subfield code='q'>|aPN2728.A513|bA3 2005</subfield>
      </datafield>
  </record>