
  <record>
    <leader>00000cam a2200277 i 4500</leader>
      <controlfield tag='008'>780616s1977    ck       b    000 0 spa  </controlfield>
      <controlfield tag='001'>4034714</controlfield>
      <controlfield tag='005'>19790630000000.0</controlfield>
      <datafield ind1=' ' ind2=' ' tag='010'>
        <subfield code='a'>78342218</subfield>
      </datafield>
      <datafield ind1=' ' ind2=' ' tag='040'>
        <subfield code='a'>DLC</subfield>
        <subfield code='c'>DLC</subfield>
        <subfield code='d'>NOC</subfield>
      </datafield>
      <datafield ind1='1' ind2=' ' tag='100'>
        <subfield code='a'>Martán Góngora, Helcías.</subfield>
      </datafield>
      <datafield ind1='1' ind2='0' tag='245'>
        <subfield code='a'>Escrito en el valle ; Mural de Vijes ; Bosque Norte /</subfield>
        <subfield code='c'>Helcías Martán-Góngora.</subfield>
      </datafield>
      <datafield ind1=' ' ind2=' ' tag='260'>
        <subfield code='a'>Santiago de Cali, [Colombia :</subfield>
        <subfield code='b'>Esparavel],</subfield>
        <subfield code='c'>1977.</subfield>
      </datafield>
      <datafield ind1=' ' ind2=' ' tag='300'>
        <subfield code='a'>lxxxiii, 136 p. ;</subfield>
        <subfield code='c'>24 cm.</subfield>
      </datafield>
      <datafield ind1=' ' ind2=' ' tag='500'>
        <subfield code='a'>Cover title.</subfield>
      </datafield>
      <datafield ind1=' ' ind2=' ' tag='500'>
        <subfield code='a'>&quot;Magia del agua y rito del silencio en la poesía de Martán Góngora, por Guido Enríquez&quot; (p. iii-lxxxiii) was originally presented as Enríquez&apos; thesis (licenciatura en literatura y lengua españolas), Universidad del Cauca.</subfield>
      </datafield>
      <datafield ind1=' ' ind2=' ' tag='504'>
        <subfield code='a'>Includes bibliographical references.</subfield>
      </datafield>
      <datafield ind1='1' ind2='2' tag='700'>
        <subfield code='a'>Enríquez, Guido.</subfield>
        <subfield code='t'>Magia del agua y rito del silencio en la poesía de Martán Góngora.</subfield>
        <subfield code='f'>1977.</subfield>
      </datafield>
      <datafield ind1='1' ind2='2' tag='700'>
        <subfield code='a'>Martán Góngora, Helcías.</subfield>
        <subfield code='t'>Mural de Vijes.</subfield>
        <subfield code='f'>1977.</subfield>
      </datafield>
      <datafield ind1='1' ind2='2' tag='700'>
        <subfield code='a'>Martán Góngora, Helcías.</subfield>
        <subfield code='t'>Bosque Norte.</subfield>
        <subfield code='f'>1977.</subfield>
      </datafield>
      <datafield ind1=' ' ind2=' ' tag='907'>
        <subfield code='a'>b1545140</subfield>
      </datafield>
      <datafield ind1='9' ind2='1' tag='999'>
        <subfield code='i'>i2180997</subfield>
        <subfield code='l'>trln</subfield>
        <subfield code='s'>-</subfield>
        <subfield code='t'>0</subfield>
        <subfield code='c'>1</subfield>
        <subfield code='o'>0</subfield>
        <subfield code='b'>00051088516</subfield>
        <subfield code='p'>090</subfield>
        <subfield code='q'>|aPQ8179.M313 E7</subfield>
      </datafield>
  </record>