
  <record>
    <leader>00000cam  2200217   4500</leader>
      <controlfield tag='008'>860515s1966    enk      i    000 0 engm </controlfield>
      <controlfield tag='001'>1503004</controlfield>
      <controlfield tag='005'>19860515000000.0</controlfield>
      <datafield ind1=' ' ind2=' ' tag='010'>
        <subfield code='a'>75304360 //r85</subfield>
      </datafield>
      <datafield ind1=' ' ind2=' ' tag='040'>
        <subfield code='a'>DLC</subfield>
        <subfield code='c'>DLC</subfield>
        <subfield code='d'>m.c.</subfield>
        <subfield code='d'>NOC</subfield>
      </datafield>
      <datafield ind1=' ' ind2=' ' tag='043'>
        <subfield code='a'>e-uk-en</subfield>
      </datafield>
      <datafield ind1=' ' ind2=' ' tag='082'>
        <subfield code='a'>016.32841/092/4</subfield>
      </datafield>
      <datafield ind1='2' ind2=' ' tag='110'>
        <subfield code='a'>Rhodes House Library.</subfield>
      </datafield>
      <datafield ind1='1' ind2='0' tag='245'>
        <subfield code='a'>Papers of Sir Sydney Henn, MSS Afr. s 715 kept in Rhodes House Library, Oxford.</subfield>
        <subfield code='c'>[Prepared by S. C. Gates.</subfield>
      </datafield>
      <datafield ind1=' ' ind2=' ' tag='260'>
        <subfield code='a'>Oxford,</subfield>
        <subfield code='c'>introd. 1966]</subfield>
      </datafield>
      <datafield ind1=' ' ind2=' ' tag='300'>
        <subfield code='a'>54 l.</subfield>
        <subfield code='c'>26 cm.</subfield>
      </datafield>
      <datafield ind1=' ' ind2=' ' tag='500'>
        <subfield code='a'>At head of title: Oxford University colonial records project.</subfield>
      </datafield>
      <datafield ind1='1' ind2='0' tag='600'>
        <subfield code='a'>Henn, Sidney Herbert Holcroft,</subfield>
        <subfield code='c'>Sir,</subfield>
        <subfield code='d'>1861-1936</subfield>
        <subfield code='x'>Manuscripts</subfield>
        <subfield code='v'>Indexes.</subfield>
      </datafield>
      <datafield ind1='2' ind2='0' tag='610'>
        <subfield code='a'>Rhodes House Library.</subfield>
      </datafield>
      <datafield ind1='1' ind2=' ' tag='700'>
        <subfield code='a'>Gates, S. C.</subfield>
      </datafield>
      <datafield ind1='2' ind2=' ' tag='710'>
        <subfield code='a'>University of Oxford.</subfield>
        <subfield code='b'>Colonial Records Project.</subfield>
      </datafield>
      <datafield ind1=' ' ind2=' ' tag='907'>
        <subfield code='a'>b1291719</subfield>
      </datafield>
      <datafield ind1='9' ind2='1' tag='999'>
        <subfield code='i'>i1544558</subfield>
        <subfield code='l'>trln</subfield>
        <subfield code='s'>-</subfield>
        <subfield code='t'>0</subfield>
        <subfield code='c'>1</subfield>
        <subfield code='o'>0</subfield>
        <subfield code='b'>00003309672</subfield>
        <subfield code='p'>090</subfield>
        <subfield code='q'>|aZ6616.H516 O93 1966</subfield>
      </datafield>
  </record>