
  <record>
    <leader>00000cas a2200301 ia4500</leader>
      <controlfield tag='006'>m    fo  d</controlfield>
      <controlfield tag='007'>cr |||||||||||</controlfield>
      <controlfield tag='008'>130925c20049999xx dr p o     0   a0fre d</controlfield>
      <controlfield tag='001'>wln00407051</controlfield>
      <datafield ind1=' ' ind2=' ' tag='040'>
        <subfield code='e'>rda</subfield>
      </datafield>
      <datafield ind1=' ' ind2=' ' tag='043'>
        <subfield code='a'>ff-----</subfield>
      </datafield>
      <datafield ind1=' ' ind2='4' tag='050'>
        <subfield code='a'>DT181</subfield>
        <subfield code='b'>.M3414</subfield>
      </datafield>
      <datafield ind1='0' ind2='0' tag='245'>
        <subfield code='a'>Magharebia (French).</subfield>
      </datafield>
      <datafield ind1=' ' ind2='1' tag='264'>
        <subfield code='a'>[S.l.] :</subfield>
        <subfield code='b'>United States Africa Command,</subfield>
        <subfield code='c'>2004-</subfield>
      </datafield>
      <datafield ind1=' ' ind2=' ' tag='310'>
        <subfield code='a'>Updated six days a week</subfield>
      </datafield>
      <datafield ind1=' ' ind2=' ' tag='336'>
        <subfield code='a'>text</subfield>
        <subfield code='2'>rdacontent</subfield>
      </datafield>
      <datafield ind1=' ' ind2=' ' tag='337'>
        <subfield code='a'>computer</subfield>
        <subfield code='2'>rdamedia</subfield>
      </datafield>
      <datafield ind1=' ' ind2=' ' tag='338'>
        <subfield code='a'>online resource</subfield>
        <subfield code='2'>rdacarrier</subfield>
      </datafield>
      <datafield ind1=' ' ind2=' ' tag='520'>
        <subfield code='a'>Magharebia is an online news portal dedicated to providing news information on Northern Africa. News subject include but are not limited to, sports, politics and business. Delivered in French.</subfield>
      </datafield>
      <datafield ind1=' ' ind2=' ' tag='588'>
        <subfield code='a'>Description based on electronic file, viewed September 25, 2013.</subfield>
      </datafield>
      <datafield ind1=' ' ind2='0' tag='651'>
        <subfield code='a'>Africa, North</subfield>
        <subfield code='v'>Periodicals.</subfield>
      </datafield>
      <datafield ind1=' ' ind2='7' tag='655'>
        <subfield code='a'>Electronic journals.</subfield>
        <subfield code='2'>lcgft</subfield>
      </datafield>
      <datafield ind1='1' ind2=' ' tag='710'>
        <subfield code='a'>United States.</subfield>
        <subfield code='b'>Africa Command.</subfield>
      </datafield>
      <datafield ind1='4' ind2='0' tag='856'>
        <subfield code='3'>WestlawNext; Coverage begins 07/2013</subfield>
        <subfield code='u'>https://www.westlaw.com/Browse/Home/News/InternationalNews/AfricaNews/GeneralAfricaJournalsMagazinesNewsletters/MagharebiaFrench?rs=tran3.0&amp;vr=3.0&amp;originationContext=vendcc</subfield>
        <subfield code='y'>Full text available to UNC-Chapel Hill Law School with password</subfield>
      </datafield>
      <datafield ind1=' ' ind2=' ' tag='907'>
        <subfield code='a'>b7628621</subfield>
      </datafield>
  </record>