
  <record>
    <leader>00000ctm  2200205Ia 4500</leader>
      <controlfield tag='008'>000511s1999    xx gh    b    000 0 eng d</controlfield>
      <controlfield tag='001'>44027226</controlfield>
      <controlfield tag='005'>20000511111318.0</controlfield>
      <datafield ind1=' ' ind2=' ' tag='040'>
        <subfield code='a'>NOC</subfield>
        <subfield code='c'>NOC</subfield>
      </datafield>
      <datafield ind1='1' ind2=' ' tag='100'>
        <subfield code='a'>Castellana, Lester Alan.</subfield>
      </datafield>
      <datafield ind1='1' ind2='0' tag='245'>
        <subfield code='a'>Composers and scribes :</subfield>
        <subfield code='b'>the Uppsala Chansonnier and the transmission of chansons in the late fifteenth century /</subfield>
        <subfield code='c'>Lester Alan Castellana.</subfield>
      </datafield>
      <datafield ind1=' ' ind2=' ' tag='260'>
        <subfield code='c'>1999.</subfield>
      </datafield>
      <datafield ind1=' ' ind2=' ' tag='300'>
        <subfield code='a'>vii, 109 leaves :</subfield>
        <subfield code='b'>facsims., music ;</subfield>
        <subfield code='c'>29 cm.</subfield>
      </datafield>
      <datafield ind1=' ' ind2=' ' tag='502'>
        <subfield code='a'>Thesis (M.A.)--University of North Carolina at Chapel Hill, 1999.</subfield>
      </datafield>
      <datafield ind1=' ' ind2=' ' tag='504'>
        <subfield code='a'>Includes bibliographical references (leaves 102-107).</subfield>
      </datafield>
      <datafield ind1='2' ind2='0' tag='610'>
        <subfield code='a'>Uppsala universitetsbibliotek.</subfield>
        <subfield code='k'>Manuscript.</subfield>
        <subfield code='n'>Vok. mus. i hskr. 76a.</subfield>
      </datafield>
      <datafield ind1=' ' ind2='0' tag='650'>
        <subfield code='a'>Polyphonic chansons</subfield>
        <subfield code='x'>History and criticism.</subfield>
      </datafield>
      <datafield ind1=' ' ind2=' ' tag='907'>
        <subfield code='a'>b3449170</subfield>
      </datafield>
      <datafield ind1='9' ind2='1' tag='999'>
        <subfield code='i'>i4875690</subfield>
        <subfield code='l'>dmda</subfield>
        <subfield code='s'>-</subfield>
        <subfield code='t'>52</subfield>
        <subfield code='c'>1</subfield>
        <subfield code='o'>0</subfield>
        <subfield code='b'>00017797895</subfield>
        <subfield code='p'>099</subfield>
        <subfield code='q'>|aThesis Music 1999 C348</subfield>
        <subfield code='n'>Archival copy in North Carolina Collection.</subfield>
      </datafield>
      <datafield ind1='9' ind2='1' tag='999'>
        <subfield code='i'>i4875691</subfield>
        <subfield code='l'>trln</subfield>
        <subfield code='s'>-</subfield>
        <subfield code='t'>52</subfield>
        <subfield code='c'>1</subfield>
        <subfield code='o'>1</subfield>
        <subfield code='b'>00017328312</subfield>
        <subfield code='p'>099</subfield>
        <subfield code='q'>|aThesis Music 1999 C348</subfield>
      </datafield>
  </record>