
  <record>
    <leader>00000cam a2200301Ia 4500</leader>
      <controlfield tag='008'>930324s1991    ru            000 0 rusod</controlfield>
      <controlfield tag='001'>28970208</controlfield>
      <controlfield tag='005'>19940912080814.0</controlfield>
      <datafield ind1=' ' ind2=' ' tag='020'>
        <subfield code='a'>5865920014</subfield>
      </datafield>
      <datafield ind1=' ' ind2=' ' tag='040'>
        <subfield code='a'>JHE</subfield>
        <subfield code='c'>JHE</subfield>
        <subfield code='d'>IQU</subfield>
        <subfield code='d'>NOC</subfield>
      </datafield>
      <datafield ind1='0' ind2='0' tag='245'>
        <subfield code='a'>Dom Romanovykh k 300-letnemu ︠i︡ubile︠i︡u ︠t︡sarstvovani︠i︡a, 1613-1913. Poslednie dni poslednego ︠t︡sar︠i︡a :</subfield>
        <subfield code='b'>unichtozhenie dinastii Romanovykh /</subfield>
        <subfield code='c'>[avtory-sostaviteli, Taras, Zinaida Stepanchuki].</subfield>
      </datafield>
      <datafield ind1=' ' ind2=' ' tag='260'>
        <subfield code='a'>Moskva :</subfield>
        <subfield code='b'>︠T︡SĖK &quot;Zhiva︠i︡a voda&quot;,</subfield>
        <subfield code='c'>1991.</subfield>
      </datafield>
      <datafield ind1=' ' ind2=' ' tag='300'>
        <subfield code='a'>143 p. ;</subfield>
        <subfield code='c'>22 cm.</subfield>
      </datafield>
      <datafield ind1=' ' ind2=' ' tag='500'>
        <subfield code='a'>First work originally published: 1913.</subfield>
      </datafield>
      <datafield ind1='3' ind2='0' tag='600'>
        <subfield code='a'>Romanov, House of.</subfield>
      </datafield>
      <datafield ind1='0' ind2='0' tag='600'>
        <subfield code='a'>Nicholas</subfield>
        <subfield code='b'>II,</subfield>
        <subfield code='c'>Emperor of Russia,</subfield>
        <subfield code='d'>1868-1918.</subfield>
      </datafield>
      <datafield ind1=' ' ind2='0' tag='651'>
        <subfield code='a'>Russia</subfield>
        <subfield code='x'>Kings and rulers.</subfield>
      </datafield>
      <datafield ind1='1' ind2=' ' tag='700'>
        <subfield code='a'>Stepanchuk, Taras,</subfield>
        <subfield code='d'>1929-</subfield>
      </datafield>
      <datafield ind1='1' ind2=' ' tag='700'>
        <subfield code='a'>Stepanchuk, Zinaida.</subfield>
      </datafield>
      <datafield ind1='0' ind2=' ' tag='730'>
        <subfield code='a'>Poslednie dni poslednego ︠t︡sar︠i︡a.</subfield>
        <subfield code='f'>1991.</subfield>
      </datafield>
      <datafield ind1='0' ind2=' ' tag='740'>
        <subfield code='a'>Dom Romanovykh k trekhsotletnemu ︠i︡ubile︠i︡u ︠t︡sarstvovani︠i︡a, 1613-1913.</subfield>
      </datafield>
      <datafield ind1=' ' ind2=' ' tag='907'>
        <subfield code='a'>b2611766</subfield>
      </datafield>
      <datafield ind1='9' ind2='1' tag='999'>
        <subfield code='i'>i3756520</subfield>
        <subfield code='l'>ddda</subfield>
        <subfield code='s'>-</subfield>
        <subfield code='t'>0</subfield>
        <subfield code='c'>1</subfield>
        <subfield code='o'>0</subfield>
        <subfield code='b'>00011115508</subfield>
        <subfield code='p'>090</subfield>
        <subfield code='q'>|aDK113 .D65 1991</subfield>
      </datafield>
  </record>