
  <record>
    <leader>00000cam  2200265 a 4500</leader>
      <controlfield tag='008'>961008s1997    enk      b    001 0 eng  </controlfield>
      <controlfield tag='001'>35777402</controlfield>
      <controlfield tag='005'>19971007115305.0</controlfield>
      <datafield ind1=' ' ind2=' ' tag='010'>
        <subfield code='a'>96047371</subfield>
      </datafield>
      <datafield ind1=' ' ind2=' ' tag='020'>
        <subfield code='a'>0521473918 (hardback)</subfield>
      </datafield>
      <datafield ind1=' ' ind2=' ' tag='040'>
        <subfield code='a'>DLC</subfield>
        <subfield code='c'>DLC</subfield>
        <subfield code='d'>VVC</subfield>
        <subfield code='d'>NOC</subfield>
      </datafield>
      <datafield ind1='0' ind2='0' tag='050'>
        <subfield code='a'>PA6029.E56</subfield>
        <subfield code='b'>P37 1997</subfield>
      </datafield>
      <datafield ind1='0' ind2='0' tag='082'>
        <subfield code='a'>870.9/353</subfield>
        <subfield code='2'>21</subfield>
      </datafield>
      <datafield ind1='0' ind2='4' tag='245'>
        <subfield code='a'>The passions in Roman thought and literature /</subfield>
        <subfield code='c'>edited by Susanna Morton Braund and Christopher Gill.</subfield>
      </datafield>
      <datafield ind1=' ' ind2=' ' tag='260'>
        <subfield code='a'>Cambridge, U.K. ;</subfield>
        <subfield code='a'>New York, NY, USA :</subfield>
        <subfield code='b'>Cambridge University Press,</subfield>
        <subfield code='c'>1997.</subfield>
      </datafield>
      <datafield ind1=' ' ind2=' ' tag='300'>
        <subfield code='a'>x, 266 p. ;</subfield>
        <subfield code='c'>24 cm.</subfield>
      </datafield>
      <datafield ind1=' ' ind2=' ' tag='500'>
        <subfield code='a'>Based on a conference on &quot;Understanding the passions in Roman literature and thought&quot;, held at the University of Exeter, July 1992.</subfield>
      </datafield>
      <datafield ind1=' ' ind2=' ' tag='504'>
        <subfield code='a'>Includes bibliographical references (p. 242-256) and indexes.</subfield>
      </datafield>
      <datafield ind1='0' ind2=' ' tag='505'>
        <subfield code='a'>Epicurean anger / D.P. Fowler -- Cicero and the expression of grief / Andrew Erskine -- The subjugation of grief in Seneca&apos;s Epistles / Marcus Wilson -- A passion unconsoled? grief and anger in Juvenal Satire 13 / Susanna Morton Braund -- Passion, reason and knowledge in Seneca&apos;s tragedies / Alessandro Schiesaro -- Imagination and the arousal of the emotions in Greco-Roman rhetoric / Ruth Webb -- Pity, fear and the historical audience: Tacitus on the fall of Vitellius / D.S. Levene -- All in the mind: sickness in Catullus 76 / Joan Booth -- Ferox uirtus: anger in Virgil&apos;s Aeneid / M.R. Wright --&apos;Envy and fear the begetter of hate&apos;: Statius&apos; Thebaid and the genesis of hatred / Elaine Fantham -- Passion as madness in Roman poetry / Christopher Gill.</subfield>
      </datafield>
      <datafield ind1=' ' ind2='0' tag='650'>
        <subfield code='a'>Latin literature</subfield>
        <subfield code='x'>History and criticism.</subfield>
      </datafield>
      <datafield ind1=' ' ind2='0' tag='650'>
        <subfield code='a'>Emotions in literature.</subfield>
      </datafield>
      <datafield ind1=' ' ind2='0' tag='650'>
        <subfield code='a'>Philosophy, Ancient.</subfield>
      </datafield>
      <datafield ind1=' ' ind2='0' tag='651'>
        <subfield code='a'>Rome</subfield>
        <subfield code='x'>In literature.</subfield>
      </datafield>
      <datafield ind1='1' ind2=' ' tag='700'>
        <subfield code='a'>Braund, Susanna Morton.</subfield>
      </datafield>
      <datafield ind1='1' ind2=' ' tag='700'>
        <subfield code='a'>Gill, Christopher,</subfield>
        <subfield code='d'>1946-</subfield>
      </datafield>
      <datafield ind1=' ' ind2=' ' tag='907'>
        <subfield code='a'>b3065593</subfield>
      </datafield>
      <datafield ind1='9' ind2='1' tag='999'>
        <subfield code='i'>i4356140</subfield>
        <subfield code='l'>ddda</subfield>
        <subfield code='s'>-</subfield>
        <subfield code='t'>0</subfield>
        <subfield code='c'>1</subfield>
        <subfield code='o'>13</subfield>
        <subfield code='b'>00014578600</subfield>
        <subfield code='p'>090</subfield>
        <subfield code='q'>|aPA6029.E56 P37 1997</subfield>
      </datafield>
  </record>