
  <record>
    <leader>00000cam  22002898a 4500</leader>
      <controlfield tag='008'>811208s1982    txuabf   b   s001 0 eng  </controlfield>
      <controlfield tag='001'>8052456</controlfield>
      <controlfield tag='005'>19830119000000.0</controlfield>
      <datafield ind1=' ' ind2=' ' tag='010'>
        <subfield code='a'>81021959</subfield>
      </datafield>
      <datafield ind1=' ' ind2=' ' tag='020'>
        <subfield code='a'>0292746334</subfield>
      </datafield>
      <datafield ind1=' ' ind2=' ' tag='040'>
        <subfield code='a'>DLC</subfield>
        <subfield code='c'>DLC</subfield>
        <subfield code='d'>NOC</subfield>
      </datafield>
      <datafield ind1=' ' ind2=' ' tag='043'>
        <subfield code='a'>a-ir---</subfield>
      </datafield>
      <datafield ind1='0' ind2=' ' tag='082'>
        <subfield code='a'>333.3/1/55</subfield>
        <subfield code='2'>19</subfield>
      </datafield>
      <datafield ind1='1' ind2=' ' tag='100'>
        <subfield code='a'>Hooglund, Eric J.</subfield>
        <subfield code='q'>(Eric James),</subfield>
        <subfield code='d'>1944-</subfield>
      </datafield>
      <datafield ind1='1' ind2='0' tag='245'>
        <subfield code='a'>Land and revolution in Iran, 1960-1980 /</subfield>
        <subfield code='c'>by Eric J. Hooglund.</subfield>
      </datafield>
      <datafield ind1=' ' ind2=' ' tag='250'>
        <subfield code='a'>1st ed.</subfield>
      </datafield>
      <datafield ind1=' ' ind2=' ' tag='260'>
        <subfield code='a'>Austin :</subfield>
        <subfield code='b'>University of Texas Press,</subfield>
        <subfield code='c'>1982.</subfield>
      </datafield>
      <datafield ind1=' ' ind2=' ' tag='300'>
        <subfield code='a'>xvii, 191 p., [6] p. of plates :</subfield>
        <subfield code='b'>ill., map ;</subfield>
        <subfield code='c'>24 cm.</subfield>
      </datafield>
      <datafield ind1=' ' ind2=' ' tag='500'>
        <subfield code='a'>Includes index.</subfield>
      </datafield>
      <datafield ind1=' ' ind2=' ' tag='504'>
        <subfield code='a'>Bibliography: p. [175]-188.</subfield>
      </datafield>
      <datafield ind1=' ' ind2='0' tag='650'>
        <subfield code='a'>Land reform</subfield>
        <subfield code='z'>Iran.</subfield>
      </datafield>
      <datafield ind1=' ' ind2='0' tag='651'>
        <subfield code='a'>Iran</subfield>
        <subfield code='x'>Politics and government</subfield>
        <subfield code='y'>1941-1979.</subfield>
      </datafield>
      <datafield ind1=' ' ind2='0' tag='830'>
        <subfield code='a'>Modern Middle East series (Austin, Tex.) ;</subfield>
        <subfield code='v'>no. 7.</subfield>
      </datafield>
      <datafield ind1=' ' ind2=' ' tag='907'>
        <subfield code='a'>b1802326</subfield>
      </datafield>
      <datafield ind1='9' ind2='1' tag='999'>
        <subfield code='i'>i2599809</subfield>
        <subfield code='l'>ddda</subfield>
        <subfield code='s'>-</subfield>
        <subfield code='t'>0</subfield>
        <subfield code='c'>1</subfield>
        <subfield code='o'>3</subfield>
        <subfield code='b'>00001516345</subfield>
        <subfield code='p'>090</subfield>
        <subfield code='q'>|aHD1333.I7 H66</subfield>
      </datafield>
  </record>