
  <record>
    <leader>00000cam  2200193Ia 4500</leader>
      <controlfield tag='008'>020816s1867    enk           000 p eng d</controlfield>
      <controlfield tag='001'>50420964</controlfield>
      <controlfield tag='005'>20020816151143.0</controlfield>
      <datafield ind1=' ' ind2=' ' tag='040'>
        <subfield code='a'>NOC</subfield>
        <subfield code='c'>NOC</subfield>
      </datafield>
      <datafield ind1='1' ind2=' ' tag='100'>
        <subfield code='a'>Humphrey, W. Desterling.</subfield>
      </datafield>
      <datafield ind1='1' ind2='0' tag='245'>
        <subfield code='a'>Hazeldale :</subfield>
        <subfield code='b'>a poem /</subfield>
        <subfield code='c'>by W. Desterling Humphrey.</subfield>
      </datafield>
      <datafield ind1='3' ind2=' ' tag='246'>
        <subfield code='a'>Outline of the seasons</subfield>
      </datafield>
      <datafield ind1=' ' ind2=' ' tag='260'>
        <subfield code='a'>Bristol :</subfield>
        <subfield code='b'>Printed for the author by George T. Wright,</subfield>
        <subfield code='c'>1867.</subfield>
      </datafield>
      <datafield ind1=' ' ind2=' ' tag='300'>
        <subfield code='a'>232, 22, [3] p., [4] leaves of plates :</subfield>
        <subfield code='b'>ill. ;</subfield>
        <subfield code='c'>20 cm.</subfield>
      </datafield>
      <datafield ind1=' ' ind2=' ' tag='500'>
        <subfield code='a'>&quot;Subscribers&apos; copy&quot; -- t.p.</subfield>
      </datafield>
      <datafield ind1=' ' ind2=' ' tag='500'>
        <subfield code='a'>Also includes: Outline of the seasons : an allegory / by W. D. Humphrey &quot;which will be filled up and published with illustrations, by Christmas, 1867.&quot;</subfield>
      </datafield>
      <datafield ind1=' ' ind2=' ' tag='907'>
        <subfield code='a'>b4178807</subfield>
      </datafield>
      <datafield ind1='9' ind2='1' tag='999'>
        <subfield code='i'>i5728872</subfield>
        <subfield code='l'>wcda</subfield>
        <subfield code='s'>o</subfield>
        <subfield code='t'>0</subfield>
        <subfield code='c'>1</subfield>
        <subfield code='o'>0</subfield>
        <subfield code='b'>00017679905</subfield>
        <subfield code='p'>090</subfield>
        <subfield code='q'>|aPR4809.H929 H2 1867b</subfield>
      </datafield>
      <datafield ind1='9' ind2='2' tag='999'>
        <subfield code='a'>c4265897</subfield>
        <subfield code='b'>wcda</subfield>
        <subfield code='c'>0</subfield>
      </datafield>
      <datafield ind1='9' ind2='3' tag='999'>
        <subfield code='0'>c4265897</subfield>
        <subfield code='2'>852</subfield>
        <subfield code='3'>c</subfield>
        <subfield code='b'>572211</subfield>
        <subfield code='h'>PR4809.H929</subfield>
        <subfield code='i'>H2 1867b</subfield>
      </datafield>
      <datafield ind1='9' ind2='3' tag='999'>
        <subfield code='0'>c4265897</subfield>
        <subfield code='2'>852</subfield>
        <subfield code='3'>e</subfield>
        <subfield code='p'>00017679905</subfield>
        <subfield code='t'>1</subfield>
      </datafield>
  </record>