
  <record>
    <leader>00000cam  2200241Ka 4500</leader>
      <controlfield tag='008'>030923s1764    ne            000 0 lat d</controlfield>
      <controlfield tag='001'>53067642</controlfield>
      <controlfield tag='005'>20030923103801.0</controlfield>
      <datafield ind1=' ' ind2=' ' tag='040'>
        <subfield code='a'>NOC</subfield>
        <subfield code='c'>NOC</subfield>
      </datafield>
      <datafield ind1='1' ind2=' ' tag='100'>
        <subfield code='a'>Haen, Anton de,</subfield>
        <subfield code='d'>1704-1776.</subfield>
      </datafield>
      <datafield ind1='1' ind2='0' tag='245'>
        <subfield code='a'>Ratio medendi in nosocomio practico Vindobonensi.</subfield>
      </datafield>
      <datafield ind1='1' ind2=' ' tag='246'>
        <subfield code='i'>At head of title:</subfield>
        <subfield code='a'>Antonii de Haen, consiliarii aulici, &amp; archiatri, medicinae practice ....</subfield>
      </datafield>
      <datafield ind1=' ' ind2=' ' tag='260'>
        <subfield code='a'>Lugduni Batavorum :</subfield>
        <subfield code='b'>Apud Petrum vander Eyk,</subfield>
        <subfield code='c'>1764.</subfield>
      </datafield>
      <datafield ind1=' ' ind2=' ' tag='300'>
        <subfield code='a'>2 v. ;</subfield>
        <subfield code='c'>21 cm.</subfield>
      </datafield>
      <datafield ind1=' ' ind2=' ' tag='500'>
        <subfield code='a'>Each section of v. 2 has separate t.p. with separate imprints.</subfield>
      </datafield>
      <datafield ind1='0' ind2=' ' tag='505'>
        <subfield code='a'>v.1. v.2. Pars quinta (Lugduni Batavorum : Sumptibus Societatis, 1761). Pars sexta (Lugduni Batavorum : Sumptibus Societatis, 1762). Pars septima (Lugduni Batavorum : Apud Petrum van der Eyck, 1763). Pars octava (Lugduni Batavorum : Apud Petrum van der Eyck, 1764).</subfield>
      </datafield>
      <datafield ind1=' ' ind2='0' tag='650'>
        <subfield code='a'>Medicine, Medieval.</subfield>
      </datafield>
      <datafield ind1=' ' ind2='0' tag='650'>
        <subfield code='a'>Clinical medicine</subfield>
        <subfield code='z'>Austria</subfield>
        <subfield code='z'>Vienna.</subfield>
      </datafield>
      <datafield ind1=' ' ind2='0' tag='650'>
        <subfield code='a'>Hospitals</subfield>
        <subfield code='z'>Austria</subfield>
        <subfield code='z'>Vienna.</subfield>
      </datafield>
      <datafield ind1=' ' ind2=' ' tag='752'>
        <subfield code='a'>Netherlands</subfield>
        <subfield code='d'>Leiden.</subfield>
      </datafield>
      <datafield ind1=' ' ind2=' ' tag='907'>
        <subfield code='a'>b4360085</subfield>
      </datafield>
      <datafield ind1='9' ind2='1' tag='999'>
        <subfield code='i'>i5949117</subfield>
        <subfield code='l'>wcda</subfield>
        <subfield code='s'>o</subfield>
        <subfield code='t'>1</subfield>
        <subfield code='c'>1</subfield>
        <subfield code='o'>0</subfield>
        <subfield code='b'>00023265985</subfield>
        <subfield code='p'>090</subfield>
        <subfield code='q'>|aR128.7 .H15 1764</subfield>
        <subfield code='v'>v.2</subfield>
        <subfield code='n'>Transferred from Chem. Lib. 5/94.  Venable Coll.</subfield>
      </datafield>
      <datafield ind1='9' ind2='2' tag='999'>
        <subfield code='a'>c4430494</subfield>
        <subfield code='b'>wcda</subfield>
        <subfield code='c'>0</subfield>
      </datafield>
      <datafield ind1='9' ind2='3' tag='999'>
        <subfield code='0'>c4430494</subfield>
        <subfield code='2'>852</subfield>
        <subfield code='3'>c</subfield>
        <subfield code='b'>572211</subfield>
        <subfield code='h'>R128.7</subfield>
        <subfield code='i'>.H15 1764</subfield>
      </datafield>
      <datafield ind1='9' ind2='3' tag='999'>
        <subfield code='0'>c4430494</subfield>
        <subfield code='2'>853</subfield>
        <subfield code='3'>y</subfield>
        <subfield code='8'>1</subfield>
        <subfield code='a'>v.</subfield>
        <subfield code='t'>c.</subfield>
      </datafield>
  </record>