
  <record>
    <leader>00000cam  22002171  4500</leader>
      <controlfield tag='008'>911104s1917    it       b    000 0 ita  </controlfield>
      <controlfield tag='001'>1911025</controlfield>
      <controlfield tag='005'>19921207112400.5</controlfield>
      <datafield ind1=' ' ind2=' ' tag='010'>
        <subfield code='a'>57042318 //r882</subfield>
      </datafield>
      <datafield ind1=' ' ind2=' ' tag='040'>
        <subfield code='a'>DLC/ICU</subfield>
        <subfield code='c'>CGU</subfield>
        <subfield code='d'>DLC</subfield>
        <subfield code='d'>m.c.</subfield>
      </datafield>
      <datafield ind1='0' ind2=' ' tag='050'>
        <subfield code='a'>R126.H59</subfield>
        <subfield code='b'>M4</subfield>
      </datafield>
      <datafield ind1='1' ind2=' ' tag='100'>
        <subfield code='a'>Mercati, Giovanni,</subfield>
        <subfield code='d'>1866-1957.</subfield>
      </datafield>
      <datafield ind1='1' ind2='0' tag='245'>
        <subfield code='a'>Notizie varie di antica letteratura medica e di bibliografia.</subfield>
      </datafield>
      <datafield ind1=' ' ind2=' ' tag='260'>
        <subfield code='a'>Roma :</subfield>
        <subfield code='b'>Tip. poliglotta vaticana,</subfield>
        <subfield code='c'>1917.</subfield>
      </datafield>
      <datafield ind1=' ' ind2=' ' tag='300'>
        <subfield code='a'>74 p. ;</subfield>
        <subfield code='c'>26 cm.</subfield>
      </datafield>
      <datafield ind1=' ' ind2=' ' tag='504'>
        <subfield code='a'>Bibliographical footnotes.</subfield>
      </datafield>
      <datafield ind1='0' ind2=' ' tag='505'>
        <subfield code='a'>Filippo Xeros reggino, Giovanni Alessandrino iatrosofista e altri nel codice vaticano degli &quot;Ephodia.&quot;--Un nuovo capitolo di Sorano e tre nuove ricette superstiziose in Aezio.--Su Francesco Calvo da Menaggio, primo stampatore e Marco Fabio Calvo da Ravenna, primo traduttore del corpo ippocratico in latino.</subfield>
      </datafield>
      <datafield ind1=' ' ind2='0' tag='650'>
        <subfield code='a'>Medicine, Greek and Roman.</subfield>
      </datafield>
      <datafield ind1=' ' ind2='0' tag='650'>
        <subfield code='a'>Medicine, Greek and Roman</subfield>
        <subfield code='v'>Bibliography.</subfield>
      </datafield>
      <datafield ind1=' ' ind2='0' tag='830'>
        <subfield code='a'>Studi e testi (Biblioteca apostolica vaticana) ;</subfield>
        <subfield code='v'>31.</subfield>
      </datafield>
      <datafield ind1=' ' ind2=' ' tag='907'>
        <subfield code='a'>b1342051</subfield>
      </datafield>
      <datafield ind1='9' ind2='1' tag='999'>
        <subfield code='i'>i1824726</subfield>
        <subfield code='l'>trln</subfield>
        <subfield code='s'>-</subfield>
        <subfield code='t'>0</subfield>
        <subfield code='c'>1</subfield>
        <subfield code='o'>0</subfield>
        <subfield code='b'>00036598976</subfield>
        <subfield code='p'>090</subfield>
        <subfield code='q'>|aAS222|b.V3 t. 28-31</subfield>
        <subfield code='v'>t.28-31</subfield>
        <subfield code='n'>t.28=v.1 of Rime inedite</subfield>
        <subfield code='n'>t.29=v.1 of Lettere inedite di Gaetano Marini</subfield>
      </datafield>
  </record>