
  <record>
    <leader>00000cam  2200241 a 4500</leader>
      <controlfield tag='008'>040424s2004    pau           000 0 eng c</controlfield>
      <controlfield tag='001'>55140998</controlfield>
      <controlfield tag='005'>20040526164536.0</controlfield>
      <datafield ind1=' ' ind2=' ' tag='010'>
        <subfield code='a'>2003103591</subfield>
      </datafield>
      <datafield ind1=' ' ind2=' ' tag='020'>
        <subfield code='a'>0887484069 :</subfield>
        <subfield code='c'>$13.95</subfield>
      </datafield>
      <datafield ind1=' ' ind2=' ' tag='040'>
        <subfield code='a'>PUL</subfield>
        <subfield code='c'>PUL</subfield>
        <subfield code='d'>NOC</subfield>
      </datafield>
      <datafield ind1=' ' ind2=' ' tag='042'>
        <subfield code='a'>pcc</subfield>
      </datafield>
      <datafield ind1=' ' ind2='4' tag='050'>
        <subfield code='a'>PS3563.E332</subfield>
        <subfield code='b'>T724 2004</subfield>
      </datafield>
      <datafield ind1='1' ind2=' ' tag='100'>
        <subfield code='a'>Meek, Jay.</subfield>
      </datafield>
      <datafield ind1='1' ind2='0' tag='245'>
        <subfield code='a'>Trains in winter /</subfield>
        <subfield code='c'>Jay Meek.</subfield>
      </datafield>
      <datafield ind1=' ' ind2=' ' tag='260'>
        <subfield code='a'>Pittsburgh :</subfield>
        <subfield code='b'>Carnegie-Mellon University Press,</subfield>
        <subfield code='c'>2004</subfield>
      </datafield>
      <datafield ind1=' ' ind2=' ' tag='300'>
        <subfield code='a'>89 p. ;</subfield>
        <subfield code='c'>22 cm.</subfield>
      </datafield>
      <datafield ind1=' ' ind2='0' tag='830'>
        <subfield code='a'>Carnegie Mellon poetry.</subfield>
      </datafield>
      <datafield ind1=' ' ind2=' ' tag='907'>
        <subfield code='a'>b4449074</subfield>
      </datafield>
      <datafield ind1='9' ind2='1' tag='999'>
        <subfield code='i'>i6056805</subfield>
        <subfield code='l'>ddda</subfield>
        <subfield code='s'>-</subfield>
        <subfield code='t'>0</subfield>
        <subfield code='c'>1</subfield>
        <subfield code='o'>1</subfield>
        <subfield code='b'>00023809728</subfield>
        <subfield code='p'>090</subfield>
        <subfield code='q'>|aPS3563.E332 T724 2004</subfield>
      </datafield>
  </record>