
  <record>
    <leader>00000nam a2200301 a 4500</leader>
      <controlfield tag='008'>040810s2003    ag            000 p spa c</controlfield>
      <controlfield tag='001'>56125098</controlfield>
      <controlfield tag='003'>OCoLC</controlfield>
      <controlfield tag='005'>20051108091124.0</controlfield>
      <datafield ind1=' ' ind2=' ' tag='020'>
        <subfield code='a'>9508435240</subfield>
      </datafield>
      <datafield ind1=' ' ind2=' ' tag='035'>
        <subfield code='a'>(OCoLC)56125098</subfield>
      </datafield>
      <datafield ind1=' ' ind2=' ' tag='035'>
        <subfield code='a'>(OCoLC)56125098</subfield>
      </datafield>
      <datafield ind1=' ' ind2=' ' tag='040'>
        <subfield code='a'>FUG</subfield>
        <subfield code='c'>FUG</subfield>
        <subfield code='d'>NOC</subfield>
      </datafield>
      <datafield ind1=' ' ind2=' ' tag='042'>
        <subfield code='a'>pcc</subfield>
      </datafield>
      <datafield ind1=' ' ind2=' ' tag='049'>
        <subfield code='a'>NOCC</subfield>
      </datafield>
      <datafield ind1=' ' ind2='4' tag='050'>
        <subfield code='a'>PQ7798.23.A6928</subfield>
        <subfield code='b'>T73 2003</subfield>
      </datafield>
      <datafield ind1='1' ind2=' ' tag='100'>
        <subfield code='a'>Martínez Astorino, Gustavo E.</subfield>
      </datafield>
      <datafield ind1='1' ind2='0' tag='245'>
        <subfield code='a'>Trazas de limo /</subfield>
        <subfield code='c'>Gustavo E. Martínez Astorino.</subfield>
      </datafield>
      <datafield ind1=' ' ind2=' ' tag='260'>
        <subfield code='a'>Buenos Aires :</subfield>
        <subfield code='b'>Vinciguerra,</subfield>
        <subfield code='c'>2003.</subfield>
      </datafield>
      <datafield ind1=' ' ind2=' ' tag='300'>
        <subfield code='a'>31 p. ;</subfield>
        <subfield code='c'>18 cm.</subfield>
      </datafield>
      <datafield ind1=' ' ind2='0' tag='830'>
        <subfield code='a'>Colección Metáfora (Buenos Aires, Argentina)</subfield>
      </datafield>
      <datafield ind1=' ' ind2='0' tag='830'>
        <subfield code='a'>Summa poética.</subfield>
      </datafield>
      <datafield ind1=' ' ind2=' ' tag='907'>
        <subfield code='a'>b4777790</subfield>
      </datafield>
      <datafield ind1='9' ind2='1' tag='999'>
        <subfield code='i'>i6289143</subfield>
        <subfield code='l'>ddda</subfield>
        <subfield code='s'>-</subfield>
        <subfield code='t'>0</subfield>
        <subfield code='c'>1</subfield>
        <subfield code='o'>1</subfield>
        <subfield code='b'>00025234210</subfield>
        <subfield code='p'>050</subfield>
        <subfield code='q'>|aPQ7798.23.A6928|bT73 2003</subfield>
      </datafield>
  </record>