
  <record>
    <leader>00000ccm a2200301I  4500</leader>
      <controlfield tag='008'>800926s1968    gw zza         n    zxx  </controlfield>
      <controlfield tag='001'>6759566</controlfield>
      <controlfield tag='005'>19990507140212.0</controlfield>
      <datafield ind1=' ' ind2=' ' tag='010'>
        <subfield code='a'>72238712 /M</subfield>
      </datafield>
      <datafield ind1=' ' ind2=' ' tag='040'>
        <subfield code='a'>DLC</subfield>
        <subfield code='c'>IUL</subfield>
        <subfield code='d'>IUL</subfield>
        <subfield code='d'>OCL</subfield>
        <subfield code='d'>NOC</subfield>
      </datafield>
      <datafield ind1=' ' ind2=' ' tag='048'>
        <subfield code='a'>sa02</subfield>
        <subfield code='a'>sb01</subfield>
      </datafield>
      <datafield ind1=' ' ind2=' ' tag='050'>
        <subfield code='a'>M351.S379</subfield>
        <subfield code='b'>E4</subfield>
      </datafield>
      <datafield ind1='1' ind2=' ' tag='100'>
        <subfield code='a'>Schröder, Hanning,</subfield>
        <subfield code='d'>1896-1987.</subfield>
      </datafield>
      <datafield ind1='1' ind2='0' tag='245'>
        <subfield code='a'>Ein-zwei-dreistimmige Kammermusik,</subfield>
        <subfield code='b'>für 2 Violinen und Viola.</subfield>
      </datafield>
      <datafield ind1=' ' ind2=' ' tag='260'>
        <subfield code='a'>Leipzig,</subfield>
        <subfield code='b'>Edition Peters, Collection Litolff,</subfield>
        <subfield code='c'>[c1968]</subfield>
      </datafield>
      <datafield ind1=' ' ind2=' ' tag='300'>
        <subfield code='a'>score (19 p.) and   parts.</subfield>
        <subfield code='c'>30 cm.</subfield>
      </datafield>
      <datafield ind1=' ' ind2=' ' tag='500'>
        <subfield code='a'>Label below imprint: Frankfurt, New York, C. F. Peters.</subfield>
      </datafield>
      <datafield ind1=' ' ind2=' ' tag='500'>
        <subfield code='a'>Edition Peters, 12447.</subfield>
      </datafield>
      <datafield ind1=' ' ind2='0' tag='650'>
        <subfield code='a'>String trios (Violins (2), viola)</subfield>
      </datafield>
      <datafield ind1=' ' ind2='0' tag='830'>
        <subfield code='a'>Collection Litolff ;</subfield>
        <subfield code='v'>Bd. 5427.</subfield>
      </datafield>
      <datafield ind1=' ' ind2=' ' tag='907'>
        <subfield code='a'>b3227889</subfield>
      </datafield>
      <datafield ind1='9' ind2='1' tag='999'>
        <subfield code='i'>i4585825</subfield>
        <subfield code='l'>mmda</subfield>
        <subfield code='s'>-</subfield>
        <subfield code='t'>45</subfield>
        <subfield code='c'>1</subfield>
        <subfield code='o'>2</subfield>
        <subfield code='b'>10001989047</subfield>
        <subfield code='p'>090</subfield>
        <subfield code='q'>|aM351.S382 E3</subfield>
      </datafield>
  </record>