
  <record>
    <leader>00000nam a2200445 a 4500</leader>
      <controlfield tag='006'>m     o  d</controlfield>
      <controlfield tag='007'>cr |n |||||||a</controlfield>
      <controlfield tag='008'>030723s2004    pauab  dob    001 0 eng d</controlfield>
      <controlfield tag='001'>sse0000082523</controlfield>
      <controlfield tag='003'>WaSeSS</controlfield>
      <controlfield tag='005'>20160907180438.0</controlfield>
      <datafield ind1=' ' ind2=' ' tag='010'>
        <subfield code='a'>2003016371</subfield>
      </datafield>
      <datafield ind1=' ' ind2=' ' tag='020'>
        <subfield code='a'>1590846834</subfield>
      </datafield>
      <datafield ind1=' ' ind2=' ' tag='040'>
        <subfield code='a'>DLC</subfield>
        <subfield code='b'>eng</subfield>
        <subfield code='c'>DLC</subfield>
        <subfield code='d'>DLC</subfield>
        <subfield code='d'>WaSeSS</subfield>
      </datafield>
      <datafield ind1=' ' ind2=' ' tag='042'>
        <subfield code='a'>lcac</subfield>
      </datafield>
      <datafield ind1=' ' ind2=' ' tag='043'>
        <subfield code='a'>n-us---</subfield>
        <subfield code='a'>n-cn---</subfield>
        <subfield code='a'>a-ii---</subfield>
      </datafield>
      <datafield ind1='0' ind2='0' tag='050'>
        <subfield code='a'>E184.E2</subfield>
        <subfield code='b'>M33 2004</subfield>
      </datafield>
      <datafield ind1='0' ind2='0' tag='082'>
        <subfield code='a'>304.8/73054</subfield>
        <subfield code='2'>22</subfield>
      </datafield>
      <datafield ind1='1' ind2=' ' tag='100'>
        <subfield code='a'>McDaniel, Jan.</subfield>
      </datafield>
      <datafield ind1='1' ind2='0' tag='245'>
        <subfield code='a'>Indian immigration</subfield>
        <subfield code='h'>[electronic resource] /</subfield>
        <subfield code='c'>Jan McDaniel.</subfield>
      </datafield>
      <datafield ind1=' ' ind2=' ' tag='260'>
        <subfield code='a'>Philadelphia :</subfield>
        <subfield code='b'>Mason Crest Publishers,</subfield>
        <subfield code='c'>c2004.</subfield>
      </datafield>
      <datafield ind1=' ' ind2=' ' tag='300'>
        <subfield code='a'>1 online resource (110 p.) :</subfield>
        <subfield code='b'>ill. (some col.), map</subfield>
      </datafield>
      <datafield ind1=' ' ind2=' ' tag='504'>
        <subfield code='a'>Includes bibliographical references (p. 102-104) and index.</subfield>
      </datafield>
      <datafield ind1='1' ind2=' ' tag='506'>
        <subfield code='a'>Access limited to UNC Chapel Hill-authenticated users.</subfield>
        <subfield code='f'>Unlimited simultaneous users</subfield>
      </datafield>
      <datafield ind1=' ' ind2=' ' tag='520'>
        <subfield code='a'>An overview of immigration from India to the United States and Canada since the 1960s, and particularly since the technology boom of the 1990s when highly skilled professionals came seeking better incomes and opportunities than they could find in their homeland.</subfield>
      </datafield>
      <datafield ind1=' ' ind2='0' tag='650'>
        <subfield code='a'>East Indian Americans</subfield>
        <subfield code='x'>History</subfield>
        <subfield code='y'>20th century</subfield>
        <subfield code='v'>Juvenile literature.</subfield>
      </datafield>
      <datafield ind1=' ' ind2='0' tag='650'>
        <subfield code='a'>East Indians</subfield>
        <subfield code='z'>Canada</subfield>
        <subfield code='x'>History</subfield>
        <subfield code='y'>20th century</subfield>
        <subfield code='v'>Juvenile literature.</subfield>
      </datafield>
      <datafield ind1=' ' ind2='0' tag='650'>
        <subfield code='a'>Immigrants</subfield>
        <subfield code='z'>Canada</subfield>
        <subfield code='x'>History</subfield>
        <subfield code='y'>20th century</subfield>
        <subfield code='v'>Juvenile literature.</subfield>
      </datafield>
      <datafield ind1=' ' ind2='0' tag='650'>
        <subfield code='a'>Immigrants</subfield>
        <subfield code='z'>United States</subfield>
        <subfield code='x'>History</subfield>
        <subfield code='y'>20th century</subfield>
        <subfield code='v'>Juvenile literature.</subfield>
      </datafield>
      <datafield ind1=' ' ind2='0' tag='651'>
        <subfield code='a'>Canada</subfield>
        <subfield code='x'>Emigration and immigration</subfield>
        <subfield code='x'>History</subfield>
        <subfield code='y'>20th century</subfield>
        <subfield code='v'>Juvenile literature.</subfield>
      </datafield>
      <datafield ind1=' ' ind2='0' tag='651'>
        <subfield code='a'>India</subfield>
        <subfield code='x'>Emigration and immigration</subfield>
        <subfield code='x'>History</subfield>
        <subfield code='y'>20th century</subfield>
        <subfield code='v'>Juvenile literature.</subfield>
      </datafield>
      <datafield ind1=' ' ind2='0' tag='651'>
        <subfield code='a'>United States</subfield>
        <subfield code='x'>Emigration and immigration</subfield>
        <subfield code='x'>History</subfield>
        <subfield code='y'>20th century</subfield>
        <subfield code='v'>Juvenile literature.</subfield>
      </datafield>
      <datafield ind1='0' ind2=' ' tag='773'>
        <subfield code='t'>Points of view reference center (online collection)</subfield>
      </datafield>
      <datafield ind1=' ' ind2='4' tag='830'>
        <subfield code='a'>The changing face of North America</subfield>
      </datafield>
      <datafield ind1='4' ind2='0' tag='856'>
        <subfield code='y'>Full text available via the UNC-Chapel Hill Libraries</subfield>
        <subfield code='u'>http://VB3LK7EB4T.search.serialssolutions.com/?V=1.0&amp;L=VB3LK7EB4T&amp;S=JCs&amp;C=TC0000082523&amp;T=marc</subfield>
        <subfield code='x'>Points of View Reference Center</subfield>
      </datafield>
      <datafield ind1=' ' ind2=' ' tag='907'>
        <subfield code='a'>b8621618</subfield>
      </datafield>
  </record>