
  <record>
    <leader>00000nam a22003493i 4500</leader>
      <controlfield tag='006'>m        d</controlfield>
      <controlfield tag='008'>061024s2003    vau    |s ||||||| ||eng|d</controlfield>
      <controlfield tag='007'>cr |n|---||||a</controlfield>
      <controlfield tag='001'>ASPFS0000666/afso</controlfield>
      <controlfield tag='003'>VaAlASP</controlfield>
      <datafield ind1=' ' ind2=' ' tag='035'>
        <subfield code='a'>(OCoLC)593405876</subfield>
      </datafield>
      <datafield ind1=' ' ind2=' ' tag='040'>
        <subfield code='a'>VaAlASP</subfield>
      </datafield>
      <datafield ind1='1' ind2=' ' tag='100'>
        <subfield code='a'>Dixon, Thomas F.,</subfield>
        <subfield code='c'>Jr.</subfield>
      </datafield>
      <datafield ind1='1' ind2='4' tag='245'>
        <subfield code='a'>The birth of a nation (1915)</subfield>
        <subfield code='h'>[electronic resource] :</subfield>
        <subfield code='b'>continuity script /</subfield>
        <subfield code='c'>by Thomas F. Dixon, Jr., Frank E. Woods, and D. W. Griffith.</subfield>
      </datafield>
      <datafield ind1=' ' ind2=' ' tag='250'>
        <subfield code='a'>[1st electronic ed.]</subfield>
      </datafield>
      <datafield ind1=' ' ind2=' ' tag='260'>
        <subfield code='a'>Alexandria, VA :</subfield>
        <subfield code='b'>Alexander Street Press,</subfield>
        <subfield code='c'>2003.</subfield>
      </datafield>
      <datafield ind1=' ' ind2=' ' tag='500'>
        <subfield code='a'>Title from HTML t.p. (viewed December 10, 2006)</subfield>
      </datafield>
      <datafield ind1='1' ind2=' ' tag='506'>
        <subfield code='a'>Access limited to UNC Chapel Hill-authenticated users.</subfield>
        <subfield code='f'>Unlimited simultaneous users</subfield>
      </datafield>
      <datafield ind1=' ' ind2=' ' tag='538'>
        <subfield code='a'>Mode of access: World Wide Web.</subfield>
      </datafield>
      <datafield ind1=' ' ind2='7' tag='655'>
        <subfield code='a'>Motion picture plays.</subfield>
        <subfield code='2'>lcgft</subfield>
      </datafield>
      <datafield ind1='1' ind2=' ' tag='700'>
        <subfield code='a'>Griffith, D. W.</subfield>
        <subfield code='q'>(David Wark),</subfield>
        <subfield code='d'>1875-1948.</subfield>
      </datafield>
      <datafield ind1='1' ind2=' ' tag='700'>
        <subfield code='a'>Woods, Frank E.</subfield>
      </datafield>
      <datafield ind1='0' ind2=' ' tag='773'>
        <subfield code='t'>American film scripts online (online collection)</subfield>
      </datafield>
      <datafield ind1='4' ind2='0' tag='856'>
        <subfield code='u'>http://libproxy.lib.unc.edu/login?url=http://www.aspresolver.com/aspresolver.asp?AFSO;FS000666</subfield>
        <subfield code='y'>Full text available via the UNC-Chapel Hill Libraries</subfield>
        <subfield code='x'>American film scripts online</subfield>
      </datafield>
      <datafield ind1=' ' ind2=' ' tag='907'>
        <subfield code='a'>b5678178</subfield>
      </datafield>
  </record>