
  <record>
    <leader>00000cam a2200385 a 4500</leader>
      <controlfield tag='008'>040213s2003    py a     b    100 0 spa  </controlfield>
      <controlfield tag='001'>55037591</controlfield>
      <controlfield tag='005'>20041021120658.0</controlfield>
      <datafield ind1=' ' ind2=' ' tag='010'>
        <subfield code='a'>2004394339</subfield>
      </datafield>
      <datafield ind1=' ' ind2=' ' tag='020'>
        <subfield code='a'>999258890X</subfield>
      </datafield>
      <datafield ind1=' ' ind2=' ' tag='040'>
        <subfield code='a'>DLC</subfield>
        <subfield code='c'>DLC</subfield>
        <subfield code='d'>NOC</subfield>
      </datafield>
      <datafield ind1=' ' ind2=' ' tag='043'>
        <subfield code='a'>s------</subfield>
        <subfield code='a'>s-py---</subfield>
      </datafield>
      <datafield ind1='0' ind2='0' tag='050'>
        <subfield code='a'>HD5746.A6</subfield>
        <subfield code='b'>F43 2002</subfield>
      </datafield>
      <datafield ind1='0' ind2='0' tag='082'>
        <subfield code='a'>331.1/098</subfield>
        <subfield code='2'>22</subfield>
      </datafield>
      <datafield ind1='2' ind2=' ' tag='111'>
        <subfield code='a'>FECON 2002</subfield>
        <subfield code='d'>(2002 :</subfield>
        <subfield code='c'>Asunción, Paraguay)</subfield>
      </datafield>
      <datafield ind1='1' ind2='3' tag='245'>
        <subfield code='a'>El trabajo precario :</subfield>
        <subfield code='b'>mercado laboral en América Latina y Paraguay /</subfield>
        <subfield code='c'>Dionisio Borda y Fernando Masi, editores.</subfield>
      </datafield>
      <datafield ind1='3' ind2='0' tag='246'>
        <subfield code='a'>Mercado laboral en América Latina y Paraguay</subfield>
      </datafield>
      <datafield ind1=' ' ind2=' ' tag='260'>
        <subfield code='a'>Asunción, Paraguay :</subfield>
        <subfield code='b'>Centro de Análisis y Difusión de la Economía Paraguaya,</subfield>
        <subfield code='c'>c2003.</subfield>
      </datafield>
      <datafield ind1=' ' ind2=' ' tag='300'>
        <subfield code='a'>330 p. :</subfield>
        <subfield code='b'>ill. ;</subfield>
        <subfield code='c'>21 cm.</subfield>
      </datafield>
      <datafield ind1=' ' ind2=' ' tag='504'>
        <subfield code='a'>Includes bibliographical references.</subfield>
      </datafield>
      <datafield ind1='2' ind2='0' tag='610'>
        <subfield code='a'>MERCOSUR (Organization)</subfield>
        <subfield code='v'>Congresses.</subfield>
      </datafield>
      <datafield ind1=' ' ind2='0' tag='650'>
        <subfield code='a'>Labor market</subfield>
        <subfield code='z'>South America</subfield>
        <subfield code='v'>Congresses.</subfield>
      </datafield>
      <datafield ind1=' ' ind2='0' tag='650'>
        <subfield code='a'>Labor market</subfield>
        <subfield code='z'>Paraguay</subfield>
        <subfield code='v'>Congresses.</subfield>
      </datafield>
      <datafield ind1=' ' ind2='0' tag='650'>
        <subfield code='a'>Manpower policy</subfield>
        <subfield code='z'>South America</subfield>
        <subfield code='v'>Congresses.</subfield>
      </datafield>
      <datafield ind1=' ' ind2='0' tag='650'>
        <subfield code='a'>Manpower policy</subfield>
        <subfield code='z'>Paraguay</subfield>
        <subfield code='v'>Congresses.</subfield>
      </datafield>
      <datafield ind1='1' ind2=' ' tag='700'>
        <subfield code='a'>Borda, Dionisio.</subfield>
      </datafield>
      <datafield ind1='1' ind2=' ' tag='700'>
        <subfield code='a'>Masi, Fernando,</subfield>
        <subfield code='d'>1953-</subfield>
      </datafield>
      <datafield ind1='2' ind2=' ' tag='710'>
        <subfield code='a'>Centro de Análisis y Difusión de Economía Paraguaya.</subfield>
      </datafield>
      <datafield ind1=' ' ind2=' ' tag='907'>
        <subfield code='a'>b4539252</subfield>
      </datafield>
      <datafield ind1='9' ind2='1' tag='999'>
        <subfield code='i'>i6187439</subfield>
        <subfield code='l'>ddda</subfield>
        <subfield code='s'>-</subfield>
        <subfield code='t'>0</subfield>
        <subfield code='c'>1</subfield>
        <subfield code='o'>0</subfield>
        <subfield code='b'>00024392701</subfield>
        <subfield code='p'>090</subfield>
        <subfield code='q'>|aHD5746.A6 F43 2002</subfield>
      </datafield>
  </record>