
  <record>
    <leader>00000cam  2200181Ia 4500</leader>
      <controlfield tag='008'>900330s1972    ru       b    000 0 rus  </controlfield>
      <controlfield tag='001'>21497020</controlfield>
      <controlfield tag='005'>19980122095224.0</controlfield>
      <datafield ind1=' ' ind2=' ' tag='010'>
        <subfield code='a'>73301920</subfield>
      </datafield>
      <datafield ind1=' ' ind2=' ' tag='040'>
        <subfield code='a'>DLC</subfield>
        <subfield code='c'>NAM</subfield>
        <subfield code='d'>NOC</subfield>
      </datafield>
      <datafield ind1='0' ind2=' ' tag='050'>
        <subfield code='a'>HD6732</subfield>
        <subfield code='b'>.S62 1972</subfield>
      </datafield>
      <datafield ind1='1' ind2=' ' tag='100'>
        <subfield code='a'>Smirnov, I. A.</subfield>
        <subfield code='q'>(Ivan Andreevich)</subfield>
      </datafield>
      <datafield ind1='1' ind2='0' tag='245'>
        <subfield code='a'>Profso︠i︡uzy SSSR :</subfield>
        <subfield code='b'>100 voprosov--100 otvetov /</subfield>
        <subfield code='c'>I. Smirnov.</subfield>
      </datafield>
      <datafield ind1=' ' ind2=' ' tag='260'>
        <subfield code='a'>Moskva :</subfield>
        <subfield code='b'>Profizdat,</subfield>
        <subfield code='c'>1972.</subfield>
      </datafield>
      <datafield ind1=' ' ind2=' ' tag='300'>
        <subfield code='a'>239 p. ;</subfield>
        <subfield code='c'>21 cm.</subfield>
      </datafield>
      <datafield ind1=' ' ind2=' ' tag='504'>
        <subfield code='a'>Includes bibliographical references.</subfield>
      </datafield>
      <datafield ind1=' ' ind2='0' tag='650'>
        <subfield code='a'>Labor unions</subfield>
        <subfield code='z'>Russia.</subfield>
      </datafield>
      <datafield ind1=' ' ind2='0' tag='650'>
        <subfield code='a'>Social security</subfield>
        <subfield code='z'>Russia.</subfield>
      </datafield>
      <datafield ind1=' ' ind2=' ' tag='907'>
        <subfield code='a'>b3100234</subfield>
      </datafield>
      <datafield ind1='9' ind2='1' tag='999'>
        <subfield code='i'>i4402732</subfield>
        <subfield code='l'>trln</subfield>
        <subfield code='s'>-</subfield>
        <subfield code='t'>0</subfield>
        <subfield code='c'>1</subfield>
        <subfield code='o'>0</subfield>
        <subfield code='b'>00014966913</subfield>
        <subfield code='p'>090</subfield>
        <subfield code='q'>|aHD6732 .S62 1972</subfield>
      </datafield>
  </record>