
  <record>
    <leader>00000cas a2200421 a 4500</leader>
      <controlfield tag='006'>m        d</controlfield>
      <controlfield tag='007'>cr  n</controlfield>
      <controlfield tag='008'>060228d18411846scumr pss     0    0eng c</controlfield>
      <controlfield tag='001'>ssj0026835</controlfield>
      <controlfield tag='003'>WaSeSS</controlfield>
      <controlfield tag='005'>20160508061549.0</controlfield>
      <datafield ind1=' ' ind2=' ' tag='010'>
        <subfield code='a'>2006255158</subfield>
      </datafield>
      <datafield ind1=' ' ind2=' ' tag='035'>
        <subfield code='z'>64396304</subfield>
      </datafield>
      <datafield ind1=' ' ind2=' ' tag='040'>
        <subfield code='a'>ZCU</subfield>
        <subfield code='b'>eng</subfield>
        <subfield code='c'>ZCU</subfield>
        <subfield code='d'>GUA</subfield>
        <subfield code='d'>OCLCQ</subfield>
        <subfield code='d'>OCLCO</subfield>
        <subfield code='d'>OCLCQ</subfield>
        <subfield code='d'>OCLCF</subfield>
        <subfield code='d'>OCLCO</subfield>
        <subfield code='d'>OCLCQ</subfield>
        <subfield code='d'>WaSeSS</subfield>
      </datafield>
      <datafield ind1=' ' ind2=' ' tag='042'>
        <subfield code='a'>pcc</subfield>
      </datafield>
      <datafield ind1=' ' ind2=' ' tag='043'>
        <subfield code='a'>n-usu--</subfield>
      </datafield>
      <datafield ind1='1' ind2='4' tag='050'>
        <subfield code='a'>S1</subfield>
      </datafield>
      <datafield ind1='0' ind2=' ' tag='130'>
        <subfield code='a'>Southern agriculturist (Charleston, S.C. : 1841 : Online)</subfield>
      </datafield>
      <datafield ind1='1' ind2='4' tag='245'>
        <subfield code='a'>The Southern agriculturist</subfield>
        <subfield code='h'>[electronic resource].</subfield>
      </datafield>
      <datafield ind1='1' ind2='3' tag='246'>
        <subfield code='a'>Southern agriculturist, horticulturist, and register of rural affairs</subfield>
      </datafield>
      <datafield ind1='3' ind2=' ' tag='246'>
        <subfield code='a'>Register of rural affairs</subfield>
      </datafield>
      <datafield ind1=' ' ind2=' ' tag='260'>
        <subfield code='a'>[Charleston, S.C.] :</subfield>
        <subfield code='b'>[A.E. Miller],</subfield>
        <subfield code='c'>1841-1846.</subfield>
      </datafield>
      <datafield ind1='0' ind2=' ' tag='362'>
        <subfield code='a'>New ser., [vol. 1], no. 1 (Jan. 1841)-v. 6 (Dec. 1846).</subfield>
      </datafield>
      <datafield ind1=' ' ind2=' ' tag='500'>
        <subfield code='a'>Title from PDF caption (Proquest, viewed Feb. 28, 2006).</subfield>
      </datafield>
      <datafield ind1=' ' ind2=' ' tag='538'>
        <subfield code='a'>Mode of access: World Wide Web.</subfield>
      </datafield>
      <datafield ind1=' ' ind2='0' tag='650'>
        <subfield code='a'>Agriculture</subfield>
        <subfield code='z'>Southern States</subfield>
        <subfield code='v'>Periodicals.</subfield>
      </datafield>
      <datafield ind1=' ' ind2='0' tag='650'>
        <subfield code='a'>Farmers</subfield>
        <subfield code='z'>Southern States</subfield>
        <subfield code='v'>Periodicals.</subfield>
      </datafield>
      <datafield ind1=' ' ind2='7' tag='650'>
        <subfield code='a'>Agriculture.</subfield>
        <subfield code='2'>fast</subfield>
        <subfield code='0'>(OCoLC)fst00801355</subfield>
      </datafield>
      <datafield ind1=' ' ind2='7' tag='650'>
        <subfield code='a'>Farmers.</subfield>
        <subfield code='2'>fast</subfield>
        <subfield code='0'>(OCoLC)fst00921321</subfield>
      </datafield>
      <datafield ind1=' ' ind2='7' tag='650'>
        <subfield code='a'>Rural conditions.</subfield>
        <subfield code='2'>fast</subfield>
        <subfield code='0'>(OCoLC)fst01101474</subfield>
      </datafield>
      <datafield ind1=' ' ind2='0' tag='651'>
        <subfield code='a'>United States</subfield>
        <subfield code='x'>Rural conditions</subfield>
        <subfield code='v'>Periodicals.</subfield>
      </datafield>
      <datafield ind1=' ' ind2='7' tag='651'>
        <subfield code='a'>Southern States.</subfield>
        <subfield code='2'>fast</subfield>
        <subfield code='0'>(OCoLC)fst01244550</subfield>
      </datafield>
      <datafield ind1=' ' ind2='7' tag='651'>
        <subfield code='a'>United States.</subfield>
        <subfield code='2'>fast</subfield>
        <subfield code='0'>(OCoLC)fst01204155</subfield>
      </datafield>
      <datafield ind1=' ' ind2='0' tag='655'>
        <subfield code='a'>Electronic journals.</subfield>
      </datafield>
      <datafield ind1='1' ind2=' ' tag='776'>
        <subfield code='t'>Southern agriculturist (Charleston, S.C. : 1841)</subfield>
        <subfield code='w'>(OCoLC)8205208</subfield>
      </datafield>
      <datafield ind1='0' ind2='0' tag='780'>
        <subfield code='t'>Southern cabinet (Online)</subfield>
        <subfield code='w'>(DLC)  2005255191</subfield>
        <subfield code='w'>(OCoLC)60780602</subfield>
      </datafield>
      <datafield ind1='4' ind2='0' tag='856'>
        <subfield code='y'>Full text available via the UNC-Chapel Hill Libraries</subfield>
        <subfield code='u'>http://VB3LK7EB4T.search.serialssolutions.com/?V=1.0&amp;L=VB3LK7EB4T&amp;S=JCs&amp;C=SOUTAGRCHS&amp;T=marc</subfield>
        <subfield code='x'>American Periodicals Series (Collection I)</subfield>
      </datafield>
      <datafield ind1='4' ind2='0' tag='907'>
        <subfield code='a'>b5752435</subfield>
      </datafield>
  </record>