
  <record>
    <leader>00000cam  2200373 a 4500</leader>
      <controlfield tag='008'>100217s2011    nyua          001 0 eng  </controlfield>
      <controlfield tag='001'>521733496</controlfield>
      <controlfield tag='003'>OCoLC</controlfield>
      <controlfield tag='005'>20101101120526.3</controlfield>
      <datafield ind1=' ' ind2=' ' tag='010'>
        <subfield code='a'>2010002405</subfield>
      </datafield>
      <datafield ind1=' ' ind2=' ' tag='019'>
        <subfield code='a'>298781253</subfield>
      </datafield>
      <datafield ind1=' ' ind2=' ' tag='020'>
        <subfield code='a'>9781439811252 (pbk.)</subfield>
      </datafield>
      <datafield ind1=' ' ind2=' ' tag='020'>
        <subfield code='a'>1439811253 (pbk.)</subfield>
      </datafield>
      <datafield ind1=' ' ind2=' ' tag='035'>
        <subfield code='a'>(OCoLC)521733496</subfield>
        <subfield code='z'>(OCoLC)298781253</subfield>
      </datafield>
      <datafield ind1=' ' ind2=' ' tag='040'>
        <subfield code='a'>DLC</subfield>
        <subfield code='c'>DLC</subfield>
        <subfield code='d'>YDX</subfield>
        <subfield code='d'>UKM</subfield>
        <subfield code='d'>BTCTA</subfield>
        <subfield code='d'>YDXCP</subfield>
      </datafield>
      <datafield ind1='0' ind2='0' tag='050'>
        <subfield code='a'>HD47.3</subfield>
        <subfield code='b'>.H36 2011</subfield>
      </datafield>
      <datafield ind1='0' ind2='0' tag='082'>
        <subfield code='a'>658.7/22</subfield>
        <subfield code='2'>22</subfield>
      </datafield>
      <datafield ind1='1' ind2=' ' tag='100'>
        <subfield code='a'>Harris, Chris,</subfield>
        <subfield code='d'>1976-</subfield>
      </datafield>
      <datafield ind1='1' ind2='0' tag='245'>
        <subfield code='a'>Lean supplier development :</subfield>
        <subfield code='b'>establishing partnerships and true costs throughout the supply chain /</subfield>
        <subfield code='c'>Chris Harris, Rick Harris, Chuck Streeter.</subfield>
      </datafield>
      <datafield ind1=' ' ind2=' ' tag='260'>
        <subfield code='a'>New York :</subfield>
        <subfield code='b'>Productivity Press ;</subfield>
        <subfield code='a'>Boca Raton :</subfield>
        <subfield code='b'>CRC Press,</subfield>
        <subfield code='c'>c2011.</subfield>
      </datafield>
      <datafield ind1=' ' ind2=' ' tag='300'>
        <subfield code='a'>xxvii, 190 p. :</subfield>
        <subfield code='b'>ill. ;</subfield>
        <subfield code='c'>26 cm.</subfield>
      </datafield>
      <datafield ind1=' ' ind2=' ' tag='500'>
        <subfield code='a'>Includes index.</subfield>
      </datafield>
      <datafield ind1=' ' ind2=' ' tag='504'>
        <subfield code='a'>Includes bibliographical references and index.</subfield>
      </datafield>
      <datafield ind1='0' ind2=' ' tag='505'>
        <subfield code='a'>Does this stuff really work? -- The supplier development philosophy -- Key players in supplier development -- How to choose a supplier for a long-term partnership -- The importance of internal operations -- The plan for every part (PFEP) -- True cost thought process -- Change cost -- Ongoing cost -- Risk cost -- True cost sourcing -- : understanding the physical connection between partner and customer -- Receiving product -- Packaging -- The partner development team -- The value stream mapping methodology -- The quarterly review process -- Supplier development quarterly review agenda.</subfield>
      </datafield>
      <datafield ind1=' ' ind2='0' tag='650'>
        <subfield code='a'>Cost control.</subfield>
      </datafield>
      <datafield ind1=' ' ind2='0' tag='650'>
        <subfield code='a'>Industrial procurement</subfield>
        <subfield code='x'>Cost control.</subfield>
      </datafield>
      <datafield ind1=' ' ind2='0' tag='650'>
        <subfield code='a'>Business planning.</subfield>
      </datafield>
      <datafield ind1='1' ind2=' ' tag='700'>
        <subfield code='a'>Harris, Rick,</subfield>
        <subfield code='d'>1953 August 2-</subfield>
      </datafield>
      <datafield ind1='1' ind2=' ' tag='700'>
        <subfield code='a'>Streeter, Chuck.</subfield>
      </datafield>
      <datafield ind1=' ' ind2=' ' tag='907'>
        <subfield code='a'>b6508803</subfield>
      </datafield>
      <datafield ind1='9' ind2='1' tag='999'>
        <subfield code='i'>i8528879</subfield>
        <subfield code='l'>ddda</subfield>
        <subfield code='s'>-</subfield>
        <subfield code='t'>0</subfield>
        <subfield code='c'>1</subfield>
        <subfield code='o'>0</subfield>
        <subfield code='b'>00038034741</subfield>
        <subfield code='p'>050</subfield>
        <subfield code='q'>|aHD47.3|b.H36 2011</subfield>
      </datafield>
  </record>