
  <record>
    <leader>00000cam  2200265I  4500</leader>
      <controlfield tag='008'>890519|1964||||xx            000 0 engm </controlfield>
      <controlfield tag='001'>1085256</controlfield>
      <controlfield tag='005'>19890519000000.0</controlfield>
      <datafield ind1=' ' ind2=' ' tag='010'>
        <subfield code='a'>64065004</subfield>
      </datafield>
      <datafield ind1=' ' ind2=' ' tag='040'>
        <subfield code='c'>IRU</subfield>
        <subfield code='d'>m.c.</subfield>
      </datafield>
      <datafield ind1='1' ind2=' ' tag='050'>
        <subfield code='a'>P25</subfield>
        <subfield code='b'>.C25 vol. 36</subfield>
      </datafield>
      <datafield ind1=' ' ind2=' ' tag='082'>
        <subfield code='a'>497.5</subfield>
      </datafield>
      <datafield ind1='1' ind2=' ' tag='100'>
        <subfield code='a'>Oswalt, Robert L.</subfield>
      </datafield>
      <datafield ind1='1' ind2='0' tag='245'>
        <subfield code='a'>Kashaya texts,</subfield>
        <subfield code='c'>by Robert L. Oswalt.</subfield>
      </datafield>
      <datafield ind1=' ' ind2=' ' tag='260'>
        <subfield code='a'>Berkeley,</subfield>
        <subfield code='b'>University of California Press,</subfield>
        <subfield code='c'>1964.</subfield>
      </datafield>
      <datafield ind1=' ' ind2=' ' tag='300'>
        <subfield code='a'>viii, 340 p.</subfield>
        <subfield code='b'>illus., map, ports.</subfield>
        <subfield code='c'>26 cm.</subfield>
      </datafield>
      <datafield ind1=' ' ind2=' ' tag='500'>
        <subfield code='a'>Kashaya and English.</subfield>
      </datafield>
      <datafield ind1=' ' ind2=' ' tag='504'>
        <subfield code='a'>Bibliography: p. 22-27.</subfield>
      </datafield>
      <datafield ind1=' ' ind2='0' tag='650'>
        <subfield code='a'>Kashaya Indians.</subfield>
      </datafield>
      <datafield ind1=' ' ind2='0' tag='650'>
        <subfield code='a'>Kashaya language</subfield>
        <subfield code='v'>Texts.</subfield>
      </datafield>
      <datafield ind1=' ' ind2='0' tag='830'>
        <subfield code='a'>University of California publications in linguistics ;</subfield>
        <subfield code='v'>v. 36.</subfield>
      </datafield>
      <datafield ind1=' ' ind2=' ' tag='907'>
        <subfield code='a'>b1233361</subfield>
      </datafield>
      <datafield ind1='9' ind2='1' tag='999'>
        <subfield code='i'>i1409100</subfield>
        <subfield code='l'>trln</subfield>
        <subfield code='s'>-</subfield>
        <subfield code='t'>0</subfield>
        <subfield code='c'>1</subfield>
        <subfield code='o'>0</subfield>
        <subfield code='b'>00034327078</subfield>
        <subfield code='p'>090</subfield>
        <subfield code='q'>|aP25|b.C25 v. 36</subfield>
        <subfield code='v'>v.36</subfield>
      </datafield>
  </record>