
  <record>
    <leader>00000cam a2200469Ia 4500</leader>
      <controlfield tag='008'>830516s1935    dcuabf   b   f001 0 eng d</controlfield>
      <controlfield tag='001'>9515107</controlfield>
      <controlfield tag='003'>OCoLC</controlfield>
      <controlfield tag='005'>20161122030844.0</controlfield>
      <datafield ind1=' ' ind2=' ' tag='035'>
        <subfield code='a'>(OCoLC)9515107</subfield>
      </datafield>
      <datafield ind1=' ' ind2=' ' tag='040'>
        <subfield code='a'>WIX</subfield>
        <subfield code='b'>eng</subfield>
        <subfield code='c'>WIX</subfield>
        <subfield code='d'>AGL</subfield>
        <subfield code='d'>OCLCQ</subfield>
        <subfield code='d'>IUL</subfield>
        <subfield code='d'>OCLCG</subfield>
        <subfield code='d'>GUA</subfield>
        <subfield code='d'>NUI</subfield>
        <subfield code='d'>OCLCQ</subfield>
        <subfield code='d'>OCLCA</subfield>
        <subfield code='d'>OCLCF</subfield>
        <subfield code='d'>OCLCQ</subfield>
        <subfield code='d'>COD</subfield>
        <subfield code='d'>NOC</subfield>
      </datafield>
      <datafield ind1=' ' ind2=' ' tag='043'>
        <subfield code='a'>n-us---</subfield>
      </datafield>
      <datafield ind1=' ' ind2=' ' tag='049'>
        <subfield code='a'>NOCC</subfield>
      </datafield>
      <datafield ind1='1' ind2='4' tag='050'>
        <subfield code='a'>QK495.G74</subfield>
        <subfield code='b'>A44 1935</subfield>
      </datafield>
      <datafield ind1='0' ind2=' ' tag='070'>
        <subfield code='a'>1</subfield>
        <subfield code='b'>Ag84Te no.459</subfield>
      </datafield>
      <datafield ind1=' ' ind2='0' tag='072'>
        <subfield code='a'>F120</subfield>
      </datafield>
      <datafield ind1=' ' ind2='0' tag='072'>
        <subfield code='a'>F700</subfield>
      </datafield>
      <datafield ind1='0' ind2='4' tag='082'>
        <subfield code='a'>630.6</subfield>
      </datafield>
      <datafield ind1='0' ind2=' ' tag='086'>
        <subfield code='a'>A 1.36:459</subfield>
      </datafield>
      <datafield ind1='1' ind2=' ' tag='100'>
        <subfield code='a'>Clark, J. Allen</subfield>
        <subfield code='q'>(Jacob Allen),</subfield>
        <subfield code='d'>1888-</subfield>
      </datafield>
      <datafield ind1='1' ind2='0' tag='245'>
        <subfield code='a'>Classification of wheat varieties grown in the United States /</subfield>
        <subfield code='c'>by J. Allen Clark and B.B. Bayles.</subfield>
      </datafield>
      <datafield ind1='3' ind2=' ' tag='246'>
        <subfield code='a'>Wheat varieties grown in the United States</subfield>
      </datafield>
      <datafield ind1=' ' ind2=' ' tag='260'>
        <subfield code='a'>Washington :</subfield>
        <subfield code='b'>U.S. Dept. of Agriculture,</subfield>
        <subfield code='c'>1935.</subfield>
      </datafield>
      <datafield ind1=' ' ind2=' ' tag='300'>
        <subfield code='a'>164 pages, 46 pages of plates :</subfield>
        <subfield code='b'>illustrations, maps ;</subfield>
        <subfield code='c'>23 cm.</subfield>
      </datafield>
      <datafield ind1=' ' ind2=' ' tag='336'>
        <subfield code='a'>text</subfield>
        <subfield code='b'>txt</subfield>
        <subfield code='2'>rdacontent</subfield>
      </datafield>
      <datafield ind1=' ' ind2=' ' tag='337'>
        <subfield code='a'>unmediated</subfield>
        <subfield code='b'>n</subfield>
        <subfield code='2'>rdamedia</subfield>
      </datafield>
      <datafield ind1=' ' ind2=' ' tag='338'>
        <subfield code='a'>volume</subfield>
        <subfield code='b'>nc</subfield>
        <subfield code='2'>rdacarrier</subfield>
      </datafield>
      <datafield ind1=' ' ind2=' ' tag='500'>
        <subfield code='a'>Caption title.</subfield>
      </datafield>
      <datafield ind1=' ' ind2=' ' tag='500'>
        <subfield code='a'>&quot;This bulletin is a revision of and supersedes Department Bulletin 1074, Classification of American Wheat Varieties&quot;-- Page 1.</subfield>
      </datafield>
      <datafield ind1=' ' ind2=' ' tag='504'>
        <subfield code='a'>Includes bibliographical references (pages 147-158) and index.</subfield>
      </datafield>
      <datafield ind1=' ' ind2='0' tag='650'>
        <subfield code='a'>Wheat</subfield>
        <subfield code='x'>Varieties</subfield>
        <subfield code='z'>United States.</subfield>
      </datafield>
      <datafield ind1=' ' ind2='7' tag='650'>
        <subfield code='a'>Wheat</subfield>
        <subfield code='x'>Varieties.</subfield>
        <subfield code='2'>fast</subfield>
        <subfield code='0'>(OCoLC)fst01174421</subfield>
      </datafield>
      <datafield ind1=' ' ind2='7' tag='651'>
        <subfield code='a'>United States.</subfield>
        <subfield code='2'>fast</subfield>
        <subfield code='0'>(OCoLC)fst01204155</subfield>
      </datafield>
      <datafield ind1='1' ind2=' ' tag='700'>
        <subfield code='a'>Bayles, B. B.</subfield>
        <subfield code='q'>(Burton Bernard),</subfield>
        <subfield code='d'>1900-</subfield>
      </datafield>
      <datafield ind1='1' ind2=' ' tag='710'>
        <subfield code='a'>United States.</subfield>
        <subfield code='b'>Department of Agriculture.</subfield>
      </datafield>
      <datafield ind1=' ' ind2='0' tag='830'>
        <subfield code='a'>Technical bulletin (United States. Department of Agriculture) ;</subfield>
        <subfield code='v'>no. 459.</subfield>
      </datafield>
      <datafield ind1=' ' ind2=' ' tag='907'>
        <subfield code='a'>b8674429</subfield>
      </datafield>
      <datafield ind1='9' ind2='1' tag='999'>
        <subfield code='i'>i11138153</subfield>
        <subfield code='l'>dcpf</subfield>
        <subfield code='s'>-</subfield>
        <subfield code='t'>20</subfield>
        <subfield code='c'>1</subfield>
        <subfield code='o'>0</subfield>
        <subfield code='b'>00050893808</subfield>
        <subfield code='p'>086</subfield>
        <subfield code='q'>|aA 1.36:451-475</subfield>
        <subfield code='v'>no.451-475</subfield>
      </datafield>
  </record>