
  <record>
    <leader>00000cam  2200205Ki 4500</leader>
      <controlfield tag='008'>800303s1973    miu          s000 0 eng d</controlfield>
      <controlfield tag='001'>6043857</controlfield>
      <controlfield tag='005'>19910911125114.8</controlfield>
      <datafield ind1=' ' ind2=' ' tag='040'>
        <subfield code='c'>NOC</subfield>
      </datafield>
      <datafield ind1='1' ind2=' ' tag='100'>
        <subfield code='a'>Pelz, Donald Campbell,</subfield>
        <subfield code='d'>1921-</subfield>
      </datafield>
      <datafield ind1='1' ind2='0' tag='245'>
        <subfield code='a'>Causal analysis of panel data :</subfield>
        <subfield code='b'>progress report January &apos;71 to present : draft /</subfield>
        <subfield code='c'>Donald C. Pelz and Ray E. Faith.</subfield>
      </datafield>
      <datafield ind1=' ' ind2=' ' tag='260'>
        <subfield code='a'>[Ann Arbor, Mich.] :</subfield>
        <subfield code='b'>Survey Research Center,</subfield>
        <subfield code='c'>1973.</subfield>
      </datafield>
      <datafield ind1=' ' ind2=' ' tag='300'>
        <subfield code='a'>20, 12 p. ;</subfield>
        <subfield code='c'>28 cm.</subfield>
      </datafield>
      <datafield ind1=' ' ind2=' ' tag='500'>
        <subfield code='a'>Caption title.</subfield>
      </datafield>
      <datafield ind1=' ' ind2=' ' tag='500'>
        <subfield code='a'>&quot;Presentation to ISR Tuedsay Luncheon, May 22, l973.&quot;</subfield>
      </datafield>
      <datafield ind1=' ' ind2='0' tag='650'>
        <subfield code='a'>Panel analysis.</subfield>
      </datafield>
      <datafield ind1=' ' ind2='0' tag='650'>
        <subfield code='a'>Social sciences</subfield>
        <subfield code='x'>Statistical methods.</subfield>
      </datafield>
      <datafield ind1='1' ind2=' ' tag='700'>
        <subfield code='a'>Faith, Ray E.</subfield>
      </datafield>
      <datafield ind1='2' ind2=' ' tag='710'>
        <subfield code='a'>University of Michigan.</subfield>
        <subfield code='b'>Survey Research Center.</subfield>
      </datafield>
      <datafield ind1=' ' ind2=' ' tag='907'>
        <subfield code='a'>b1676731</subfield>
      </datafield>
      <datafield ind1='9' ind2='1' tag='999'>
        <subfield code='i'>i2397767</subfield>
        <subfield code='l'>trln</subfield>
        <subfield code='s'>-</subfield>
        <subfield code='t'>0</subfield>
        <subfield code='c'>1</subfield>
        <subfield code='o'>1</subfield>
        <subfield code='b'>00000297413</subfield>
        <subfield code='p'>090</subfield>
        <subfield code='q'>|aHA33 .P449</subfield>
      </datafield>
  </record>