
  <record>
    <leader>00000ctm  2200253Ia 4500</leader>
      <controlfield tag='008'>010730s2000    xx a    rb    000 0 eng d</controlfield>
      <controlfield tag='001'>47670471</controlfield>
      <controlfield tag='005'>20010730125033.0</controlfield>
      <datafield ind1=' ' ind2=' ' tag='040'>
        <subfield code='a'>NOC</subfield>
        <subfield code='c'>NOC</subfield>
      </datafield>
      <datafield ind1='1' ind2=' ' tag='100'>
        <subfield code='a'>Lewis, Arnold C.</subfield>
      </datafield>
      <datafield ind1='1' ind2='0' tag='245'>
        <subfield code='a'>Putting race in it&apos;s [sic] place :</subfield>
        <subfield code='b'>assessing the contextual propriety of racial redistricting in the South and the representational impact on minority communities /</subfield>
        <subfield code='c'>by Arnold C. Lewis, Jr.</subfield>
      </datafield>
      <datafield ind1=' ' ind2=' ' tag='260'>
        <subfield code='c'>2000.</subfield>
      </datafield>
      <datafield ind1=' ' ind2=' ' tag='300'>
        <subfield code='a'>x, 206 leaves :</subfield>
        <subfield code='b'>ill. ;</subfield>
        <subfield code='c'>28 cm.</subfield>
      </datafield>
      <datafield ind1=' ' ind2=' ' tag='502'>
        <subfield code='a'>Thesis (Ph. D.)--Florida State University, 2000.</subfield>
      </datafield>
      <datafield ind1=' ' ind2=' ' tag='504'>
        <subfield code='a'>Includes bibliographical references (leaves 190-201).</subfield>
      </datafield>
      <datafield ind1=' ' ind2=' ' tag='533'>
        <subfield code='a'>Photocopy.</subfield>
        <subfield code='b'>Ann Arbor, Mich. :</subfield>
        <subfield code='c'>UMI,</subfield>
        <subfield code='d'>2001.</subfield>
        <subfield code='e'>x, 206 p.  : ill. ; 22 cm.</subfield>
        <subfield code='7'>s2001    miun r</subfield>
      </datafield>
      <datafield ind1=' ' ind2='0' tag='650'>
        <subfield code='a'>Apportionment (Election law)</subfield>
        <subfield code='z'>Southern States.</subfield>
      </datafield>
      <datafield ind1=' ' ind2='0' tag='650'>
        <subfield code='a'>Election districts</subfield>
        <subfield code='z'>Southern States.</subfield>
      </datafield>
      <datafield ind1=' ' ind2='0' tag='650'>
        <subfield code='a'>Minorities</subfield>
        <subfield code='x'>Politics and government.</subfield>
      </datafield>
      <datafield ind1=' ' ind2='0' tag='650'>
        <subfield code='a'>Political parties</subfield>
        <subfield code='z'>Southern States.</subfield>
      </datafield>
      <datafield ind1=' ' ind2='0' tag='651'>
        <subfield code='a'>Southern States</subfield>
        <subfield code='x'>Politics and government</subfield>
        <subfield code='y'>1951-</subfield>
      </datafield>
      <datafield ind1=' ' ind2=' ' tag='907'>
        <subfield code='a'>b3924016</subfield>
      </datafield>
      <datafield ind1='9' ind2='1' tag='999'>
        <subfield code='i'>i5412825</subfield>
        <subfield code='l'>ddda</subfield>
        <subfield code='s'>-</subfield>
        <subfield code='t'>0</subfield>
        <subfield code='c'>1</subfield>
        <subfield code='o'>3</subfield>
        <subfield code='b'>00019524356</subfield>
        <subfield code='p'>090</subfield>
        <subfield code='q'>|aJF1075.U6 L485 2000a</subfield>
      </datafield>
  </record>