
  <record>
    <leader>00000cam  2200157Ii 4500</leader>
      <controlfield tag='008'>910418s1976    ilua         s000 0 eng d</controlfield>
      <controlfield tag='001'>2748005</controlfield>
      <controlfield tag='005'>19910418000000.0</controlfield>
      <datafield ind1=' ' ind2=' ' tag='040'>
        <subfield code='a'>IAR</subfield>
        <subfield code='c'>IAR</subfield>
        <subfield code='d'>m.c.</subfield>
        <subfield code='d'>NOC</subfield>
      </datafield>
      <datafield ind1='1' ind2=' ' tag='110'>
        <subfield code='a'>Illinois.</subfield>
        <subfield code='b'>General Assembly.</subfield>
        <subfield code='b'>Legislative Investigating Commission.</subfield>
      </datafield>
      <datafield ind1='1' ind2='0' tag='245'>
        <subfield code='a'>Ku Klux Klan :</subfield>
        <subfield code='b'>a report to the Illinois General Assembly /</subfield>
        <subfield code='c'>by the Illinois Legislative Investigating Commission.</subfield>
      </datafield>
      <datafield ind1=' ' ind2=' ' tag='260'>
        <subfield code='a'>Chicago :</subfield>
        <subfield code='b'>The Commission,</subfield>
        <subfield code='c'>1976.</subfield>
      </datafield>
      <datafield ind1=' ' ind2=' ' tag='300'>
        <subfield code='a'>viii, 169 p. :</subfield>
        <subfield code='b'>ill. ;</subfield>
        <subfield code='c'>28 cm.</subfield>
      </datafield>
      <datafield ind1=' ' ind2=' ' tag='500'>
        <subfield code='a'>&quot;Fourth and final report about the Ku Klux Klan in Illinois&quot;--p. v.</subfield>
      </datafield>
      <datafield ind1='2' ind2='0' tag='610'>
        <subfield code='a'>Ku Klux Klan (1915- )</subfield>
        <subfield code='z'>Illinois.</subfield>
      </datafield>
      <datafield ind1=' ' ind2=' ' tag='907'>
        <subfield code='a'>b1428835</subfield>
      </datafield>
      <datafield ind1='9' ind2='1' tag='999'>
        <subfield code='i'>i1985505</subfield>
        <subfield code='l'>ddda</subfield>
        <subfield code='s'>-</subfield>
        <subfield code='t'>0</subfield>
        <subfield code='c'>1</subfield>
        <subfield code='o'>27</subfield>
        <subfield code='b'>00007287740</subfield>
        <subfield code='p'>090</subfield>
        <subfield code='q'>|aHS2330.K63 I3 1976</subfield>
      </datafield>
  </record>