
  <record>
    <leader>00000cgm a2200913Ia 4500</leader>
      <controlfield tag='007'>vd cvaizq</controlfield>
      <controlfield tag='008'>130802s2013    cau105 e          vleng d</controlfield>
      <controlfield tag='001'>854923188</controlfield>
      <controlfield tag='003'>OCoLC</controlfield>
      <controlfield tag='005'>20131106110208.0</controlfield>
      <datafield ind1=' ' ind2=' ' tag='019'>
        <subfield code='a'>855221235</subfield>
      </datafield>
      <datafield ind1='1' ind2='0' tag='024'>
        <subfield code='a'>031398176275</subfield>
        <subfield code='d'>80</subfield>
      </datafield>
      <datafield ind1='4' ind2='2' tag='028'>
        <subfield code='a'>43865</subfield>
        <subfield code='b'>Lionsgate</subfield>
      </datafield>
      <datafield ind1=' ' ind2=' ' tag='035'>
        <subfield code='a'>(OCoLC)854923188</subfield>
        <subfield code='z'>(OCoLC)855221235</subfield>
      </datafield>
      <datafield ind1=' ' ind2=' ' tag='037'>
        <subfield code='b'>Midwest Tape</subfield>
        <subfield code='n'>http://www.midwesttapes.com</subfield>
      </datafield>
      <datafield ind1=' ' ind2=' ' tag='040'>
        <subfield code='a'>LPU</subfield>
        <subfield code='b'>eng</subfield>
        <subfield code='c'>LPU</subfield>
        <subfield code='d'>TEFMT</subfield>
        <subfield code='d'>TEF</subfield>
        <subfield code='d'>BDX</subfield>
        <subfield code='d'>TEF</subfield>
        <subfield code='d'>GK8</subfield>
        <subfield code='d'>IEP</subfield>
        <subfield code='d'>GK8</subfield>
        <subfield code='d'>HQD</subfield>
      </datafield>
      <datafield ind1='1' ind2=' ' tag='041'>
        <subfield code='a'>eng</subfield>
        <subfield code='j'>eng</subfield>
        <subfield code='j'>spa</subfield>
        <subfield code='h'>eng</subfield>
      </datafield>
      <datafield ind1=' ' ind2=' ' tag='043'>
        <subfield code='a'>n-us-ak</subfield>
      </datafield>
      <datafield ind1=' ' ind2=' ' tag='049'>
        <subfield code='a'>[Digital][Video][Disc]NOC3</subfield>
      </datafield>
      <datafield ind1=' ' ind2='4' tag='050'>
        <subfield code='a'>PN1997.2</subfield>
        <subfield code='b'>.F76 2013</subfield>
      </datafield>
      <datafield ind1='0' ind2='4' tag='082'>
        <subfield code='a'>791.43/72</subfield>
        <subfield code='2'>23</subfield>
      </datafield>
      <datafield ind1='0' ind2='4' tag='245'>
        <subfield code='a'>The frozen ground</subfield>
        <subfield code='h'>[videorecording] /</subfield>
        <subfield code='c'>Grindstone Entertainment Group and Emmett/Furla Films present a Cheetah Vision Films production in association with Emmett/Furla Films, Court Five, Envision Entertainment and Valentina Films ; produced by Mark Ordesky ... [et al.] ; written and directed by Scott Walker.</subfield>
      </datafield>
      <datafield ind1=' ' ind2=' ' tag='257'>
        <subfield code='a'>United States.</subfield>
        <subfield code='2'>naf</subfield>
      </datafield>
      <datafield ind1=' ' ind2=' ' tag='260'>
        <subfield code='a'>Santa Monica, Calif. :</subfield>
        <subfield code='b'>Lionsgate,</subfield>
        <subfield code='c'>c2013.</subfield>
      </datafield>
      <datafield ind1=' ' ind2='4' tag='264'>
        <subfield code='c'>©2013.</subfield>
      </datafield>
      <datafield ind1=' ' ind2=' ' tag='300'>
        <subfield code='a'>1 videodisc (105 min.) :</subfield>
        <subfield code='b'>sound, color ;</subfield>
        <subfield code='c'>4 3/4 in.</subfield>
      </datafield>
      <datafield ind1=' ' ind2=' ' tag='336'>
        <subfield code='a'>two-dimensional moving image</subfield>
        <subfield code='b'>tdi</subfield>
        <subfield code='2'>rdacontent</subfield>
      </datafield>
      <datafield ind1=' ' ind2=' ' tag='337'>
        <subfield code='a'>video</subfield>
        <subfield code='b'>v</subfield>
        <subfield code='2'>rdamedia</subfield>
      </datafield>
      <datafield ind1=' ' ind2=' ' tag='338'>
        <subfield code='a'>videodisc</subfield>
        <subfield code='b'>vd</subfield>
        <subfield code='2'>rdacarrier</subfield>
      </datafield>
      <datafield ind1=' ' ind2=' ' tag='344'>
        <subfield code='a'>digital</subfield>
        <subfield code='b'>optical</subfield>
        <subfield code='g'>surround</subfield>
      </datafield>
      <datafield ind1=' ' ind2=' ' tag='346'>
        <subfield code='a'>laser optical, NTSC</subfield>
      </datafield>
      <datafield ind1=' ' ind2=' ' tag='347'>
        <subfield code='a'>video file</subfield>
        <subfield code='b'>DVD video</subfield>
        <subfield code='2'>rda</subfield>
      </datafield>
      <datafield ind1=' ' ind2=' ' tag='380'>
        <subfield code='a'>Motion picture</subfield>
      </datafield>
      <datafield ind1=' ' ind2=' ' tag='500'>
        <subfield code='a'>Originally released as a motion picture in 2013.</subfield>
      </datafield>
      <datafield ind1=' ' ind2=' ' tag='500'>
        <subfield code='a'>Run time: approx. 105 min.</subfield>
      </datafield>
      <datafield ind1=' ' ind2=' ' tag='500'>
        <subfield code='a'>Special features: Commentary with director/writer Scott Walker and producers, Mark Ordesky and Jane Fleming; deleted scenes with commentary by director Scott Walker; behind the scenes with interviews of cast/crew; extened interviews with cast/crew; research featurette with director/writer Scott Walker; trailer gallery.</subfield>
      </datafield>
      <datafield ind1=' ' ind2=' ' tag='508'>
        <subfield code='a'>Director, Scott Walker.</subfield>
      </datafield>
      <datafield ind1='1' ind2=' ' tag='511'>
        <subfield code='a'>Nicolas Cage, John Cusack, Vanessa Hudgens, Curtis &quot;50 Cent&quot; Jackson.</subfield>
      </datafield>
      <datafield ind1=' ' ind2=' ' tag='520'>
        <subfield code='a'>Inspired by the true story that follows Alaskan State Trooper Jack Halcombe, as he sets out to end the murderous rampage of Robert Hansen, a serial killer who has gone unnoticed for thirteen years. Risking his life, Halcombe goes on a personal manhunt to find the killer before the next body surfaces.</subfield>
      </datafield>
      <datafield ind1='8' ind2=' ' tag='521'>
        <subfield code='a'>MPAA rating: R; for violent content, sexuality/nudity, language and drug use.</subfield>
      </datafield>
      <datafield ind1=' ' ind2=' ' tag='538'>
        <subfield code='a'>DVD; NTSC, widescreen presentation; 16x9 letterbox; Dolby digital 5.1 surround; dual layer.</subfield>
      </datafield>
      <datafield ind1=' ' ind2=' ' tag='546'>
        <subfield code='a'>English soundtrack with optional subtitles in English or Spanish. Closed-captioned.</subfield>
      </datafield>
      <datafield ind1='1' ind2='0' tag='610'>
        <subfield code='a'>Alaska.</subfield>
        <subfield code='b'>Division of State Troopers</subfield>
        <subfield code='v'>Drama.</subfield>
      </datafield>
      <datafield ind1=' ' ind2='0' tag='650'>
        <subfield code='a'>Serial murderers</subfield>
        <subfield code='z'>Alaska</subfield>
        <subfield code='v'>Drama.</subfield>
      </datafield>
      <datafield ind1=' ' ind2='0' tag='650'>
        <subfield code='a'>Serial murders</subfield>
        <subfield code='z'>Alaska</subfield>
        <subfield code='v'>Drama.</subfield>
      </datafield>
      <datafield ind1=' ' ind2='7' tag='650'>
        <subfield code='a'>Asesinato</subfield>
        <subfield code='z'>Alaska</subfield>
        <subfield code='v'>Teatro.</subfield>
        <subfield code='2'>bidex</subfield>
      </datafield>
      <datafield ind1=' ' ind2='7' tag='655'>
        <subfield code='a'>Feature films.</subfield>
        <subfield code='2'>lcgft</subfield>
      </datafield>
      <datafield ind1=' ' ind2='7' tag='655'>
        <subfield code='a'>Fiction films.</subfield>
        <subfield code='2'>lcgft</subfield>
      </datafield>
      <datafield ind1=' ' ind2='7' tag='655'>
        <subfield code='a'>Thrillers (Motion pictures)</subfield>
        <subfield code='2'>lcgft</subfield>
      </datafield>
      <datafield ind1=' ' ind2='7' tag='655'>
        <subfield code='a'>Detective and mystery films.</subfield>
        <subfield code='2'>lcgft</subfield>
      </datafield>
      <datafield ind1=' ' ind2='7' tag='655'>
        <subfield code='a'>Crime films.</subfield>
        <subfield code='2'>lcgft</subfield>
      </datafield>
      <datafield ind1=' ' ind2='7' tag='655'>
        <subfield code='a'>Crime &amp; Police Drama.</subfield>
        <subfield code='2'>local</subfield>
      </datafield>
      <datafield ind1=' ' ind2='7' tag='655'>
        <subfield code='a'>Detective &amp; Mystery.</subfield>
        <subfield code='2'>local</subfield>
      </datafield>
      <datafield ind1=' ' ind2='7' tag='655'>
        <subfield code='a'>Psychological Thriller.</subfield>
        <subfield code='2'>local</subfield>
      </datafield>
      <datafield ind1=' ' ind2='7' tag='655'>
        <subfield code='a'>Mysteries &amp; Murder Mysteries.</subfield>
        <subfield code='2'>local</subfield>
      </datafield>
      <datafield ind1=' ' ind2='7' tag='655'>
        <subfield code='a'>Video recordings for the hearing impaired.</subfield>
        <subfield code='2'>lcgft</subfield>
      </datafield>
      <datafield ind1=' ' ind2='7' tag='655'>
        <subfield code='a'>Feature films.</subfield>
        <subfield code='2'>gsafd</subfield>
      </datafield>
      <datafield ind1=' ' ind2=' ' tag='691'>
        <subfield code='a'>USA.</subfield>
      </datafield>
      <datafield ind1='1' ind2=' ' tag='700'>
        <subfield code='a'>Walker, Scott,</subfield>
        <subfield code='d'>1971-</subfield>
        <subfield code='4'>aus</subfield>
        <subfield code='4'>drt</subfield>
      </datafield>
      <datafield ind1='1' ind2=' ' tag='700'>
        <subfield code='a'>Ordesky, Mark,</subfield>
        <subfield code='d'>1963-</subfield>
      </datafield>
      <datafield ind1='1' ind2=' ' tag='700'>
        <subfield code='a'>Cage, Nicolas,</subfield>
        <subfield code='d'>1965-</subfield>
      </datafield>
      <datafield ind1='1' ind2=' ' tag='700'>
        <subfield code='a'>Cusack, John,</subfield>
        <subfield code='d'>1966-</subfield>
      </datafield>
      <datafield ind1='1' ind2=' ' tag='700'>
        <subfield code='a'>Hudgens, Vanessa,</subfield>
        <subfield code='d'>1988-</subfield>
      </datafield>
      <datafield ind1='1' ind2=' ' tag='700'>
        <subfield code='a'>Jackson, Curtis,</subfield>
        <subfield code='d'>1975-</subfield>
      </datafield>
      <datafield ind1='2' ind2=' ' tag='710'>
        <subfield code='a'>Grindstone Entertainment Group.</subfield>
      </datafield>
      <datafield ind1='2' ind2=' ' tag='710'>
        <subfield code='a'>Emmett Furla Films.</subfield>
      </datafield>
      <datafield ind1='2' ind2=' ' tag='710'>
        <subfield code='a'>Cheetah Vision (Firm)</subfield>
      </datafield>
      <datafield ind1='2' ind2=' ' tag='710'>
        <subfield code='a'>Court Five (Firm)</subfield>
      </datafield>
      <datafield ind1='2' ind2=' ' tag='710'>
        <subfield code='a'>Envision Films.</subfield>
      </datafield>
      <datafield ind1='2' ind2=' ' tag='710'>
        <subfield code='a'>Valentina Films.</subfield>
      </datafield>
      <datafield ind1='2' ind2=' ' tag='710'>
        <subfield code='a'>Lions Gate Films.</subfield>
      </datafield>
      <datafield ind1=' ' ind2=' ' tag='907'>
        <subfield code='a'>b7479759</subfield>
      </datafield>
      <datafield ind1='9' ind2='1' tag='999'>
        <subfield code='i'>i10148379</subfield>
        <subfield code='l'>uldag</subfield>
        <subfield code='s'>-</subfield>
        <subfield code='t'>60</subfield>
        <subfield code='c'>2</subfield>
        <subfield code='o'>7</subfield>
        <subfield code='b'>00047539207</subfield>
        <subfield code='p'>099</subfield>
        <subfield code='q'>|a65-DVD16658</subfield>
      </datafield>
      <datafield ind1='9' ind2='1' tag='999'>
        <subfield code='i'>i10148378</subfield>
        <subfield code='l'>uldal</subfield>
        <subfield code='s'>o</subfield>
        <subfield code='t'>60</subfield>
        <subfield code='c'>1</subfield>
        <subfield code='o'>0</subfield>
        <subfield code='b'>00047539083</subfield>
        <subfield code='p'>099</subfield>
        <subfield code='q'>|a65-DVD16658</subfield>
      </datafield>
  </record>