
  <record>
    <leader>00000ccm  2200361Ia 4500</leader>
      <controlfield tag='008'>010226r20001663gw zzz         n    zxx d</controlfield>
      <controlfield tag='001'>46372606</controlfield>
      <controlfield tag='005'>20010920085404.0</controlfield>
      <datafield ind1='2' ind2=' ' tag='024'>
        <subfield code='a'>M501001316</subfield>
      </datafield>
      <datafield ind1='3' ind2='2' tag='028'>
        <subfield code='a'>CORN-10-1-0217</subfield>
        <subfield code='b'>Cornetto-Verlag</subfield>
      </datafield>
      <datafield ind1=' ' ind2=' ' tag='040'>
        <subfield code='a'>EQO</subfield>
        <subfield code='c'>EQO</subfield>
        <subfield code='d'>NOC</subfield>
      </datafield>
      <datafield ind1='0' ind2='0' tag='245'>
        <subfield code='a'>Musicks hand-ma[i]de :</subfield>
        <subfield code='b'>London, Playford 1663.</subfield>
      </datafield>
      <datafield ind1='3' ind2=' ' tag='246'>
        <subfield code='a'>Musicks hand-made</subfield>
      </datafield>
      <datafield ind1='3' ind2=' ' tag='246'>
        <subfield code='a'>Music&apos;s handmaid</subfield>
      </datafield>
      <datafield ind1='1' ind2=' ' tag='246'>
        <subfield code='i'>Title on facsimile t.p.:</subfield>
        <subfield code='a'>Musicks hand-maide :</subfield>
        <subfield code='b'>presenting new and pleasant lessons for the virginals or harpsycon</subfield>
      </datafield>
      <datafield ind1=' ' ind2=' ' tag='260'>
        <subfield code='a'>Stuttgart :</subfield>
        <subfield code='b'>Cornetto-Verlag,</subfield>
        <subfield code='c'>c2000.</subfield>
      </datafield>
      <datafield ind1=' ' ind2=' ' tag='300'>
        <subfield code='a'>[4] p., 54, [2] p. of music, [1] p. ;</subfield>
        <subfield code='c'>17 x 21 cm.</subfield>
      </datafield>
      <datafield ind1=' ' ind2=' ' tag='500'>
        <subfield code='a'>Pieces or dances for virginal or harpsichord; introd. by publisher.</subfield>
      </datafield>
      <datafield ind1=' ' ind2=' ' tag='500'>
        <subfield code='a'>&quot;The tunes of psalms to the virginal or the organ&quot;: p. [1-2] at end.</subfield>
      </datafield>
      <datafield ind1=' ' ind2=' ' tag='500'>
        <subfield code='a'>Title from modern colophon.</subfield>
      </datafield>
      <datafield ind1=' ' ind2=' ' tag='500'>
        <subfield code='a'>Reprint. Originally published: London : John Playford, 1663.</subfield>
      </datafield>
      <datafield ind1=' ' ind2=' ' tag='500'>
        <subfield code='a'>&quot;Diese Faksimile-Ausgabe wurde nach dem einizgen erhaltenen Exemplar in der British Library London angefertigt&quot;--Colophon.</subfield>
      </datafield>
      <datafield ind1='4' ind2=' ' tag='510'>
        <subfield code='a'>RISM B/1,</subfield>
        <subfield code='c'>1663⁷</subfield>
      </datafield>
      <datafield ind1=' ' ind2='0' tag='650'>
        <subfield code='a'>Harpsichord music.</subfield>
      </datafield>
      <datafield ind1=' ' ind2='0' tag='650'>
        <subfield code='a'>Harpsichord</subfield>
        <subfield code='x'>Instruction and study</subfield>
        <subfield code='v'>Early works to 1800.</subfield>
      </datafield>
      <datafield ind1='1' ind2=' ' tag='700'>
        <subfield code='a'>Playford, John,</subfield>
        <subfield code='d'>1623-1686?</subfield>
      </datafield>
      <datafield ind1=' ' ind2='0' tag='830'>
        <subfield code='a'>Faksimile-Edition Rara ;</subfield>
        <subfield code='v'>Nr. 36.</subfield>
      </datafield>
      <datafield ind1=' ' ind2=' ' tag='907'>
        <subfield code='a'>b3942057</subfield>
      </datafield>
      <datafield ind1='9' ind2='1' tag='999'>
        <subfield code='i'>i5436422</subfield>
        <subfield code='l'>mmka</subfield>
        <subfield code='s'>-</subfield>
        <subfield code='t'>45</subfield>
        <subfield code='c'>1</subfield>
        <subfield code='o'>1</subfield>
        <subfield code='b'>00019647036</subfield>
        <subfield code='p'>090</subfield>
        <subfield code='q'>|aM22 .M96 2000</subfield>
      </datafield>
  </record>