
  <record>
    <leader>00000cam  22001457a 4500</leader>
      <controlfield tag='008'>950725s1993    mau           000 0 eng  </controlfield>
      <controlfield tag='001'>32922178</controlfield>
      <controlfield tag='005'>19971010094335.0</controlfield>
      <datafield ind1=' ' ind2=' ' tag='010'>
        <subfield code='a'>95182285</subfield>
      </datafield>
      <datafield ind1=' ' ind2=' ' tag='040'>
        <subfield code='a'>DLC</subfield>
        <subfield code='c'>DLC</subfield>
        <subfield code='d'>NOC</subfield>
      </datafield>
      <datafield ind1='1' ind2=' ' tag='100'>
        <subfield code='a'>Lavrakas, Paul.</subfield>
      </datafield>
      <datafield ind1='1' ind2='0' tag='245'>
        <subfield code='a'>Escape from Nemotex /</subfield>
        <subfield code='c'>by Paul Lavrakas.</subfield>
      </datafield>
      <datafield ind1=' ' ind2=' ' tag='260'>
        <subfield code='a'>Boston, Mass. (100 Chauncy St., Boston 02111) :</subfield>
        <subfield code='b'>Baker&apos;s Plays,</subfield>
        <subfield code='c'>c1993.</subfield>
      </datafield>
      <datafield ind1=' ' ind2=' ' tag='300'>
        <subfield code='a'>32 p. ;</subfield>
        <subfield code='c'>19 cm.</subfield>
      </datafield>
      <datafield ind1=' ' ind2=' ' tag='907'>
        <subfield code='a'>b3067353</subfield>
      </datafield>
      <datafield ind1='9' ind2='1' tag='999'>
        <subfield code='i'>i4358253</subfield>
        <subfield code='l'>ddda</subfield>
        <subfield code='s'>-</subfield>
        <subfield code='t'>0</subfield>
        <subfield code='c'>1</subfield>
        <subfield code='o'>0</subfield>
        <subfield code='b'>00014618210</subfield>
        <subfield code='p'>090</subfield>
        <subfield code='q'>|aPS3562.A856 E8 1993</subfield>
      </datafield>
  </record>