
  <record>
    <leader>00000cam a2200373Ia 4500</leader>
      <controlfield tag='008'>811021m19231926iluabf   b    000 0 eng  </controlfield>
      <controlfield tag='001'>7863880</controlfield>
      <controlfield tag='005'>19931009165238.0</controlfield>
      <datafield ind1=' ' ind2=' ' tag='010'>
        <subfield code='a'>a  26000309 //r</subfield>
      </datafield>
      <datafield ind1=' ' ind2=' ' tag='040'>
        <subfield code='a'>DLC</subfield>
        <subfield code='c'>FTU</subfield>
        <subfield code='d'>FTU</subfield>
      </datafield>
      <datafield ind1=' ' ind2=' ' tag='050'>
        <subfield code='a'>QH1</subfield>
        <subfield code='b'>.I25 v. 16, art. 1</subfield>
      </datafield>
      <datafield ind1='1' ind2=' ' tag='110'>
        <subfield code='a'>Illinois.</subfield>
        <subfield code='b'>Natural History Survey Division.</subfield>
      </datafield>
      <datafield ind1='1' ind2='0' tag='245'>
        <subfield code='a'>First-third report on a forest survey of Illinois /</subfield>
        <subfield code='c'>Printed by authority of the state of Illinois.</subfield>
      </datafield>
      <datafield ind1=' ' ind2=' ' tag='260'>
        <subfield code='a'>Urbana, Ill. ;</subfield>
        <subfield code='c'>1923-26.</subfield>
      </datafield>
      <datafield ind1=' ' ind2=' ' tag='300'>
        <subfield code='a'>3 v. :</subfield>
        <subfield code='b'>plates, fold maps, tables, diagrs. ;</subfield>
        <subfield code='c'>27 cm.</subfield>
      </datafield>
      <datafield ind1=' ' ind2=' ' tag='500'>
        <subfield code='a'>At head of title: State of Illinois. Department of registration and education. Division of the natural history survey.</subfield>
      </datafield>
      <datafield ind1=' ' ind2=' ' tag='500'>
        <subfield code='a'>First report by Rebert B. Miller; second report by Herman H. Chapman and Robert B. Miller; third report by Clarence J. Telford.</subfield>
      </datafield>
      <datafield ind1=' ' ind2=' ' tag='504'>
        <subfield code='a'>Bibliography: v. [1], p. [354]-356.</subfield>
      </datafield>
      <datafield ind1=' ' ind2=' ' tag='504'>
        <subfield code='a'>Literature cited: v. [3], p. 102.</subfield>
      </datafield>
      <datafield ind1=' ' ind2='0' tag='650'>
        <subfield code='a'>Forests and forestry</subfield>
        <subfield code='z'>Illinois.</subfield>
      </datafield>
      <datafield ind1='1' ind2=' ' tag='700'>
        <subfield code='a'>Chapman, Herman Haupt,</subfield>
        <subfield code='d'>1874-1963.</subfield>
      </datafield>
      <datafield ind1='1' ind2=' ' tag='700'>
        <subfield code='a'>Miller, Robert B.</subfield>
        <subfield code='q'>(Robert Barclay)</subfield>
      </datafield>
      <datafield ind1='1' ind2=' ' tag='700'>
        <subfield code='a'>Telford, C. J.</subfield>
        <subfield code='q'>(Clarence John),</subfield>
        <subfield code='d'>1887-</subfield>
      </datafield>
      <datafield ind1=' ' ind2='0' tag='830'>
        <subfield code='a'>Bulletin (Illinois. Natural History Survey Division) ;</subfield>
        <subfield code='v'>v. 14, article 8, etc.</subfield>
      </datafield>
      <datafield ind1=' ' ind2='0' tag='830'>
        <subfield code='a'>Bulletin (Illinois. Natural History Survey Division) ;</subfield>
        <subfield code='v'>v. 15, article 3.</subfield>
      </datafield>
      <datafield ind1=' ' ind2='0' tag='830'>
        <subfield code='a'>Bulletin (Illinois. Natural History Survey Division) ;</subfield>
        <subfield code='v'>v. 16, article 1.</subfield>
      </datafield>
      <datafield ind1=' ' ind2=' ' tag='907'>
        <subfield code='a'>b2568104</subfield>
      </datafield>
      <datafield ind1='9' ind2='1' tag='999'>
        <subfield code='i'>i3694007</subfield>
        <subfield code='l'>trln</subfield>
        <subfield code='s'>-</subfield>
        <subfield code='t'>0</subfield>
        <subfield code='c'>1</subfield>
        <subfield code='o'>0</subfield>
        <subfield code='b'>00026345296</subfield>
        <subfield code='p'>090</subfield>
        <subfield code='q'>|aQH1|b.I25 v. 14, art. 1-10</subfield>
        <subfield code='v'>v.14:art.1-10</subfield>
      </datafield>
      <datafield ind1='9' ind2='1' tag='999'>
        <subfield code='i'>i3694017</subfield>
        <subfield code='l'>trln</subfield>
        <subfield code='s'>-</subfield>
        <subfield code='t'>0</subfield>
        <subfield code='c'>1</subfield>
        <subfield code='o'>1</subfield>
        <subfield code='b'>00027182021</subfield>
        <subfield code='p'>090</subfield>
        <subfield code='q'>|aQH1|b.I25</subfield>
        <subfield code='v'>v.15:art.1-9</subfield>
      </datafield>
      <datafield ind1='9' ind2='1' tag='999'>
        <subfield code='i'>i3694025</subfield>
        <subfield code='l'>trln</subfield>
        <subfield code='s'>-</subfield>
        <subfield code='t'>0</subfield>
        <subfield code='c'>1</subfield>
        <subfield code='o'>0</subfield>
        <subfield code='b'>00027182030</subfield>
        <subfield code='p'>090</subfield>
        <subfield code='q'>|aQH1|b.I25 v. 16, art. 1-7</subfield>
        <subfield code='v'>v.16:art.1-7</subfield>
      </datafield>
      <datafield ind1='9' ind2='2' tag='999'>
        <subfield code='a'>c4667445</subfield>
        <subfield code='b'>trln</subfield>
        <subfield code='c'>0</subfield>
      </datafield>
      <datafield ind1='9' ind2='3' tag='999'>
        <subfield code='0'>c4667445</subfield>
        <subfield code='2'>852</subfield>
        <subfield code='3'>c</subfield>
        <subfield code='b'>dnda</subfield>
        <subfield code='h'>QH1</subfield>
        <subfield code='i'>.I25</subfield>
        <subfield code='x'>Tr. 8/06 fr. Zool pc        </subfield>
      </datafield>
      <datafield ind1='9' ind2='3' tag='999'>
        <subfield code='0'>c4667445</subfield>
        <subfield code='2'>853</subfield>
        <subfield code='3'>y</subfield>
        <subfield code='8'>1</subfield>
        <subfield code='a'>v.</subfield>
        <subfield code='t'>c.</subfield>
      </datafield>
      <datafield ind1='9' ind2='3' tag='999'>
        <subfield code='0'>c4667445</subfield>
        <subfield code='2'>866</subfield>
        <subfield code='3'>h</subfield>
        <subfield code='8'>0</subfield>
        <subfield code='a'>v.14-16</subfield>
      </datafield>
  </record>