
  <record>
    <leader>00000cam  2200265Ii 4500</leader>
      <controlfield tag='008'>790410s1977    iluk     b    000 0 eng d</controlfield>
      <controlfield tag='001'>4842352</controlfield>
      <controlfield tag='005'>20031024153502.0</controlfield>
      <datafield ind1=' ' ind2=' ' tag='040'>
        <subfield code='a'>SUC</subfield>
        <subfield code='c'>SUC</subfield>
        <subfield code='d'>NOC</subfield>
      </datafield>
      <datafield ind1='1' ind2=' ' tag='100'>
        <subfield code='a'>Sinquefield, Jeanne Cairns.</subfield>
      </datafield>
      <datafield ind1='1' ind2='2' tag='245'>
        <subfield code='a'>A model interview for follow-up studies of family planning acceptors /</subfield>
        <subfield code='c'>by Jeanne Cairns Sinquefield.</subfield>
      </datafield>
      <datafield ind1=' ' ind2=' ' tag='260'>
        <subfield code='a'>[Chicago] :</subfield>
        <subfield code='b'>Community and Family Study Center, University of Chicago,</subfield>
        <subfield code='c'>1977.</subfield>
      </datafield>
      <datafield ind1=' ' ind2=' ' tag='300'>
        <subfield code='a'>iii, 85 p. :</subfield>
        <subfield code='b'>forms ;</subfield>
        <subfield code='c'>23 cm.</subfield>
      </datafield>
      <datafield ind1=' ' ind2=' ' tag='500'>
        <subfield code='a'>Cover title.</subfield>
      </datafield>
      <datafield ind1=' ' ind2=' ' tag='500'>
        <subfield code='a'>At head of title: Rapid feedback for family planning improvement.</subfield>
      </datafield>
      <datafield ind1=' ' ind2=' ' tag='504'>
        <subfield code='a'>Includes bibliographical references.</subfield>
      </datafield>
      <datafield ind1=' ' ind2='0' tag='650'>
        <subfield code='a'>Birth control</subfield>
        <subfield code='x'>Research.</subfield>
      </datafield>
      <datafield ind1=' ' ind2='0' tag='650'>
        <subfield code='a'>Evaluation research (Social action programs)</subfield>
      </datafield>
      <datafield ind1=' ' ind2='0' tag='830'>
        <subfield code='a'>Family planning research and evaluation manual ;</subfield>
        <subfield code='v'>no. 16.</subfield>
      </datafield>
      <datafield ind1=' ' ind2=' ' tag='907'>
        <subfield code='a'>b4369399</subfield>
      </datafield>
      <datafield ind1='9' ind2='1' tag='999'>
        <subfield code='i'>i5960903</subfield>
        <subfield code='l'>trln</subfield>
        <subfield code='s'>-</subfield>
        <subfield code='t'>0</subfield>
        <subfield code='c'>1</subfield>
        <subfield code='o'>1</subfield>
        <subfield code='b'>00022643132</subfield>
        <subfield code='p'>090</subfield>
        <subfield code='q'>|aHQ763.5 .S54 1977</subfield>
      </datafield>
  </record>