
  <record>
    <leader>00000nam  2200277Ia 4500</leader>
      <controlfield tag='008'>050809s1913    paua    r     001 0 eng d</controlfield>
      <controlfield tag='001'>61232875</controlfield>
      <controlfield tag='003'>OCoLC</controlfield>
      <controlfield tag='005'>20050809012137.0</controlfield>
      <datafield ind1=' ' ind2=' ' tag='035'>
        <subfield code='a'>(OCoLC)61232875</subfield>
      </datafield>
      <datafield ind1=' ' ind2=' ' tag='040'>
        <subfield code='a'>NOC</subfield>
        <subfield code='c'>NOC</subfield>
      </datafield>
      <datafield ind1=' ' ind2=' ' tag='049'>
        <subfield code='a'>NOCC</subfield>
      </datafield>
      <datafield ind1='2' ind2=' ' tag='110'>
        <subfield code='a'>American Academy of Political and Social Science.</subfield>
      </datafield>
      <datafield ind1='1' ind2='4' tag='245'>
        <subfield code='a'>The Negro&apos;s progress in fifty years.</subfield>
      </datafield>
      <datafield ind1=' ' ind2=' ' tag='260'>
        <subfield code='a'>Philadelphia :</subfield>
        <subfield code='b'>American Academy of Political and Social Science,</subfield>
        <subfield code='c'>1913.</subfield>
      </datafield>
      <datafield ind1=' ' ind2=' ' tag='300'>
        <subfield code='a'>vi, 266 p. ;</subfield>
        <subfield code='c'>25 cm. :</subfield>
        <subfield code='b'>ill.</subfield>
      </datafield>
      <datafield ind1=' ' ind2=' ' tag='500'>
        <subfield code='a'>&quot;The papers in this publication were collected and ed. by J.P. Lichtenberger.&quot;</subfield>
      </datafield>
      <datafield ind1=' ' ind2=' ' tag='500'>
        <subfield code='a'>Includes index.</subfield>
      </datafield>
      <datafield ind1=' ' ind2=' ' tag='533'>
        <subfield code='a'>Photocopy.</subfield>
        <subfield code='b'>[Chapel Hill :</subfield>
        <subfield code='c'>Library Photographic Services, University of North Carolina at Chapel Hill,</subfield>
        <subfield code='d'>2005].</subfield>
        <subfield code='e'>vi, 266 p. : ill. ; 25 cm.</subfield>
        <subfield code='n'>Photocopy replacement of original on archival bond.</subfield>
        <subfield code='7'>s2005    ncun r</subfield>
      </datafield>
      <datafield ind1=' ' ind2='0' tag='650'>
        <subfield code='a'>African Americans.</subfield>
      </datafield>
      <datafield ind1='1' ind2=' ' tag='700'>
        <subfield code='a'>Lichtenberger, James P.</subfield>
        <subfield code='q'>(James Pendleton),</subfield>
        <subfield code='d'>1870-1953.</subfield>
      </datafield>
      <datafield ind1=' ' ind2='0' tag='830'>
        <subfield code='a'>Annals of the American Academy of Political and Social Science ;</subfield>
        <subfield code='v'>v. 49.</subfield>
      </datafield>
      <datafield ind1=' ' ind2=' ' tag='907'>
        <subfield code='a'>b4644816</subfield>
      </datafield>
      <datafield ind1='9' ind2='1' tag='999'>
        <subfield code='i'>i6250380</subfield>
        <subfield code='l'>trln</subfield>
        <subfield code='s'>-</subfield>
        <subfield code='t'>0</subfield>
        <subfield code='c'>1</subfield>
        <subfield code='o'>1</subfield>
        <subfield code='b'>00024597045</subfield>
        <subfield code='p'>090</subfield>
        <subfield code='q'>|aH1|b.A4 v. 49 1913a</subfield>
        <subfield code='v'>v.49</subfield>
      </datafield>
      <datafield ind1='9' ind2='2' tag='999'>
        <subfield code='a'>c4636072</subfield>
        <subfield code='b'>trln</subfield>
        <subfield code='c'>0</subfield>
      </datafield>
      <datafield ind1='9' ind2='3' tag='999'>
        <subfield code='0'>c4636072</subfield>
        <subfield code='2'>852</subfield>
        <subfield code='3'>c</subfield>
        <subfield code='b'>ddda</subfield>
        <subfield code='h'>H1</subfield>
        <subfield code='i'>.A4 v. 49 1913a</subfield>
      </datafield>
      <datafield ind1='9' ind2='3' tag='999'>
        <subfield code='0'>c4636072</subfield>
        <subfield code='2'>853</subfield>
        <subfield code='3'>y</subfield>
        <subfield code='8'>1</subfield>
        <subfield code='a'>v.</subfield>
        <subfield code='t'>c.</subfield>
      </datafield>
  </record>