
  <record>
    <leader>00000nam  2200313 a 4500</leader>
      <controlfield tag='008'>900409s1989    dcu          f000 0 eng d</controlfield>
      <controlfield tag='001'>21347802</controlfield>
      <datafield ind1=' ' ind2=' ' tag='035'>
        <subfield code='a'>(GPO)90011950</subfield>
      </datafield>
      <datafield ind1=' ' ind2=' ' tag='040'>
        <subfield code='a'>GPO</subfield>
        <subfield code='c'>GPO</subfield>
      </datafield>
      <datafield ind1=' ' ind2=' ' tag='043'>
        <subfield code='a'>n-us---</subfield>
        <subfield code='a'>nc-----</subfield>
      </datafield>
      <datafield ind1=' ' ind2=' ' tag='074'>
        <subfield code='a'>877-C</subfield>
      </datafield>
      <datafield ind1='0' ind2=' ' tag='086'>
        <subfield code='a'>S 1.71/4:1244</subfield>
      </datafield>
      <datafield ind1='1' ind2=' ' tag='100'>
        <subfield code='a'>Bolton, John R.</subfield>
      </datafield>
      <datafield ind1='1' ind2='0' tag='245'>
        <subfield code='a'>Human rights challenges in Central America for the UN /</subfield>
        <subfield code='c'>John R. Bolton.</subfield>
      </datafield>
      <datafield ind1=' ' ind2=' ' tag='260'>
        <subfield code='a'>Washington, D.C. :</subfield>
        <subfield code='b'>U.S. Dept. of State, Bureau of Public Affairs,</subfield>
        <subfield code='c'>[1989?]</subfield>
      </datafield>
      <datafield ind1=' ' ind2=' ' tag='300'>
        <subfield code='a'>[2] p. ;</subfield>
        <subfield code='c'>28 cm.</subfield>
      </datafield>
      <datafield ind1=' ' ind2=' ' tag='500'>
        <subfield code='a'>Caption title.</subfield>
      </datafield>
      <datafield ind1=' ' ind2=' ' tag='500'>
        <subfield code='a'>Shipping list no.: 90-173-P.</subfield>
      </datafield>
      <datafield ind1='2' ind2='0' tag='610'>
        <subfield code='a'>United Nations.</subfield>
      </datafield>
      <datafield ind1=' ' ind2='0' tag='650'>
        <subfield code='a'>Human rights</subfield>
        <subfield code='z'>Central America.</subfield>
      </datafield>
      <datafield ind1=' ' ind2='0' tag='650'>
        <subfield code='a'>Elections</subfield>
        <subfield code='z'>Central America.</subfield>
      </datafield>
      <datafield ind1=' ' ind2='0' tag='651'>
        <subfield code='a'>United States</subfield>
        <subfield code='x'>Foreign relations.</subfield>
      </datafield>
      <datafield ind1='1' ind2=' ' tag='710'>
        <subfield code='a'>United States.</subfield>
        <subfield code='b'>Department of State.</subfield>
        <subfield code='b'>Bureau of Public Affairs.</subfield>
      </datafield>
      <datafield ind1='1' ind2=' ' tag='810'>
        <subfield code='a'>United States.</subfield>
        <subfield code='b'>Department of State.</subfield>
        <subfield code='b'>Bureau of Public Affairs.</subfield>
        <subfield code='t'>Current policy ;</subfield>
        <subfield code='v'>no. 1244.</subfield>
      </datafield>
      <datafield ind1=' ' ind2=' ' tag='907'>
        <subfield code='a'>b3697202</subfield>
      </datafield>
      <datafield ind1='9' ind2='1' tag='999'>
        <subfield code='i'>i5143156</subfield>
        <subfield code='l'>dcpf</subfield>
        <subfield code='s'>-</subfield>
        <subfield code='t'>20</subfield>
        <subfield code='c'>1</subfield>
        <subfield code='o'>0</subfield>
        <subfield code='b'>HBBP-9270-00001</subfield>
        <subfield code='p'>086</subfield>
        <subfield code='q'>|aS 1.71/4:1244</subfield>
      </datafield>
  </record>