
  <record>
    <leader>00000cam  2200229I  4500</leader>
      <controlfield tag='008'>791106s1920    gw            001 0 ger  </controlfield>
      <controlfield tag='001'>5656536</controlfield>
      <controlfield tag='005'>19960105141925.0</controlfield>
      <datafield ind1=' ' ind2=' ' tag='010'>
        <subfield code='a'>24014013</subfield>
      </datafield>
      <datafield ind1=' ' ind2=' ' tag='040'>
        <subfield code='a'>DLC</subfield>
        <subfield code='c'>HDC</subfield>
      </datafield>
      <datafield ind1=' ' ind2=' ' tag='050'>
        <subfield code='a'>PA4037</subfield>
        <subfield code='b'>.W68</subfield>
      </datafield>
      <datafield ind1='1' ind2=' ' tag='100'>
        <subfield code='a'>Wilamowitz-Moellendorff, Ulrich von,</subfield>
        <subfield code='d'>1848-1931.</subfield>
      </datafield>
      <datafield ind1='1' ind2='4' tag='245'>
        <subfield code='a'>Die Ilias und Homer,</subfield>
        <subfield code='c'>von Ulrich von Wilamowitz-Moellendorff.</subfield>
      </datafield>
      <datafield ind1=' ' ind2=' ' tag='260'>
        <subfield code='a'>Berlin,</subfield>
        <subfield code='b'>Weidmann,</subfield>
        <subfield code='c'>1920.</subfield>
      </datafield>
      <datafield ind1=' ' ind2=' ' tag='300'>
        <subfield code='a'>vi p., 1 l., 523 p.</subfield>
        <subfield code='c'>23 cm.</subfield>
      </datafield>
      <datafield ind1='2' ind2=' ' tag='505'>
        <subfield code='a'>Beilagen: Die Athena von Ilion. - Zwei alte Volksbücher: a) Der Wettkampf zwischen Homer und Hesiod. b) Das leben Homers. - Der delische Hymnus. - Das Proömium der Theogonie des Hesiodes. - Odysseus und Penelope. - Das Land der Phäaken. - Nachtrag: Der attische Homer.</subfield>
      </datafield>
      <datafield ind1='0' ind2='0' tag='600'>
        <subfield code='a'>Homer.</subfield>
        <subfield code='t'>Iliad.</subfield>
      </datafield>
      <datafield ind1='0' ind2='0' tag='600'>
        <subfield code='a'>Homer.</subfield>
      </datafield>
      <datafield ind1='0' ind2='0' tag='600'>
        <subfield code='a'>Hesiod.</subfield>
      </datafield>
      <datafield ind1='0' ind2='0' tag='630'>
        <subfield code='a'>Certamen Homeri et Hesiodi.</subfield>
      </datafield>
      <datafield ind1='0' ind2='0' tag='630'>
        <subfield code='a'>Vita Homeri.</subfield>
      </datafield>
      <datafield ind1=' ' ind2=' ' tag='907'>
        <subfield code='a'>b2780790</subfield>
      </datafield>
      <datafield ind1='9' ind2='1' tag='999'>
        <subfield code='i'>i3995762</subfield>
        <subfield code='l'>trln</subfield>
        <subfield code='s'>-</subfield>
        <subfield code='t'>0</subfield>
        <subfield code='c'>1</subfield>
        <subfield code='o'>1</subfield>
        <subfield code='b'>10000506061</subfield>
        <subfield code='p'>092</subfield>
        <subfield code='q'>|a880 H76izW</subfield>
      </datafield>
      <datafield ind1='9' ind2='1' tag='999'>
        <subfield code='i'>i3995763</subfield>
        <subfield code='l'>trln</subfield>
        <subfield code='s'>-</subfield>
        <subfield code='t'>0</subfield>
        <subfield code='c'>2</subfield>
        <subfield code='o'>0</subfield>
        <subfield code='b'>00026010101</subfield>
        <subfield code='p'>092</subfield>
        <subfield code='q'>|a880 H76izW</subfield>
      </datafield>
  </record>