
  <record>
    <leader>00000cas a2200385 a 4500</leader>
      <controlfield tag='006'>m        d</controlfield>
      <controlfield tag='007'>cr  n</controlfield>
      <controlfield tag='008'>750824d18961898enkmr p s     0   a0eng  </controlfield>
      <controlfield tag='001'>ssj0042519</controlfield>
      <controlfield tag='003'>WaSeSS</controlfield>
      <controlfield tag='005'>20160807180608.0</controlfield>
      <datafield ind1=' ' ind2=' ' tag='010'>
        <subfield code='a'>05014364</subfield>
      </datafield>
      <datafield ind1=' ' ind2=' ' tag='035'>
        <subfield code='z'>1565216</subfield>
      </datafield>
      <datafield ind1=' ' ind2=' ' tag='040'>
        <subfield code='a'>DLC</subfield>
        <subfield code='b'>eng</subfield>
        <subfield code='c'>MUL</subfield>
        <subfield code='d'>OCL</subfield>
        <subfield code='d'>NYG</subfield>
        <subfield code='d'>IUL</subfield>
        <subfield code='d'>DLC</subfield>
        <subfield code='d'>OCLCQ</subfield>
        <subfield code='d'>WaSeSS</subfield>
      </datafield>
      <datafield ind1='0' ind2=' ' tag='041'>
        <subfield code='a'>eng</subfield>
        <subfield code='a'>fre</subfield>
        <subfield code='a'>ger</subfield>
      </datafield>
      <datafield ind1=' ' ind2=' ' tag='042'>
        <subfield code='a'>pcc</subfield>
      </datafield>
      <datafield ind1=' ' ind2='0' tag='050'>
        <subfield code='a'>AP1</subfield>
        <subfield code='b'>.C8</subfield>
      </datafield>
      <datafield ind1='0' ind2=' ' tag='082'>
        <subfield code='a'>052</subfield>
        <subfield code='2'>19</subfield>
      </datafield>
      <datafield ind1='0' ind2=' ' tag='130'>
        <subfield code='a'>Cosmopolis (London, England : Online)</subfield>
      </datafield>
      <datafield ind1='1' ind2='0' tag='245'>
        <subfield code='a'>Cosmopolis</subfield>
        <subfield code='h'>[electronic resource].</subfield>
      </datafield>
      <datafield ind1=' ' ind2=' ' tag='260'>
        <subfield code='a'>[England] :</subfield>
        <subfield code='b'>Stone &amp; Kimball,</subfield>
        <subfield code='c'>©1896-1898.</subfield>
      </datafield>
      <datafield ind1=' ' ind2=' ' tag='310'>
        <subfield code='a'>Monthly</subfield>
      </datafield>
      <datafield ind1='0' ind2=' ' tag='362'>
        <subfield code='a'>No. 1 (Jan. 1896)-no. 35 (Nov. 1898).</subfield>
      </datafield>
      <datafield ind1=' ' ind2=' ' tag='500'>
        <subfield code='a'>Title from caption.</subfield>
      </datafield>
      <datafield ind1=' ' ind2=' ' tag='515'>
        <subfield code='a'>No. for -Nov. 1898 also called -v. 12, no. 35.</subfield>
      </datafield>
      <datafield ind1=' ' ind2=' ' tag='546'>
        <subfield code='a'>Contributions in English, French, or German.</subfield>
      </datafield>
      <datafield ind1=' ' ind2=' ' tag='550'>
        <subfield code='a'>Publishers (from volume title page): London : T. Fisher Unwin; New York : International News Co.</subfield>
      </datafield>
      <datafield ind1=' ' ind2='0' tag='655'>
        <subfield code='a'>Electronic journals.</subfield>
      </datafield>
      <datafield ind1='0' ind2=' ' tag='775'>
        <subfield code='t'>Cosmopolis</subfield>
        <subfield code='f'>fr</subfield>
      </datafield>
      <datafield ind1='0' ind2=' ' tag='775'>
        <subfield code='t'>Cosmopolis</subfield>
        <subfield code='f'>lh</subfield>
        <subfield code='w'>(OCoLC)4253612</subfield>
      </datafield>
      <datafield ind1='0' ind2=' ' tag='775'>
        <subfield code='t'>Cosmopolis</subfield>
        <subfield code='f'>gw</subfield>
        <subfield code='w'>(OCoLC)4253586</subfield>
      </datafield>
      <datafield ind1='0' ind2='8' tag='776'>
        <subfield code='i'>Online version:</subfield>
        <subfield code='t'>Cosmopolis (London, England)</subfield>
        <subfield code='w'>(OCoLC)609685053</subfield>
      </datafield>
      <datafield ind1=' ' ind2=' ' tag='850'>
        <subfield code='a'>DLC</subfield>
      </datafield>
      <datafield ind1='4' ind2='0' tag='856'>
        <subfield code='y'>Full text available via the UNC-Chapel Hill Libraries</subfield>
        <subfield code='u'>http://VB3LK7EB4T.search.serialssolutions.com/?V=1.0&amp;L=VB3LK7EB4T&amp;S=JCs&amp;C=COSMLONEN&amp;T=marc</subfield>
        <subfield code='x'>British Periodicals Collection I</subfield>
      </datafield>
      <datafield ind1='4' ind2='0' tag='907'>
        <subfield code='a'>b5820925</subfield>
      </datafield>
  </record>