
  <record>
    <leader>00000cam a2200205Ia 4500</leader>
      <controlfield tag='008'>910204s1990    ve            000 1 spa d</controlfield>
      <controlfield tag='001'>23055140</controlfield>
      <controlfield tag='005'>19910204000000.0</controlfield>
      <datafield ind1=' ' ind2=' ' tag='020'>
        <subfield code='a'>9802900451</subfield>
      </datafield>
      <datafield ind1=' ' ind2=' ' tag='040'>
        <subfield code='a'>NOC</subfield>
        <subfield code='c'>NOC</subfield>
      </datafield>
      <datafield ind1='1' ind2=' ' tag='100'>
        <subfield code='a'>Rodríguez, Argenis.</subfield>
      </datafield>
      <datafield ind1='1' ind2='0' tag='245'>
        <subfield code='a'>Febrero :</subfield>
        <subfield code='b'>novela /</subfield>
        <subfield code='c'>Argenis Rodríguez.</subfield>
      </datafield>
      <datafield ind1=' ' ind2=' ' tag='260'>
        <subfield code='a'>Caracas :</subfield>
        <subfield code='b'>Editorial Fuentes,</subfield>
        <subfield code='c'>1990.</subfield>
      </datafield>
      <datafield ind1=' ' ind2=' ' tag='300'>
        <subfield code='a'>184 p. ;</subfield>
        <subfield code='c'>21 cm.</subfield>
      </datafield>
      <datafield ind1=' ' ind2=' ' tag='907'>
        <subfield code='a'>b2379838</subfield>
      </datafield>
      <datafield ind1='9' ind2='1' tag='999'>
        <subfield code='i'>i3420270</subfield>
        <subfield code='l'>ddda</subfield>
        <subfield code='s'>-</subfield>
        <subfield code='t'>0</subfield>
        <subfield code='c'>1</subfield>
        <subfield code='o'>0</subfield>
        <subfield code='b'>HALR-9070-00001</subfield>
        <subfield code='p'>090</subfield>
        <subfield code='q'>|aPQ8550.28.O3 F4 1990</subfield>
      </datafield>
  </record>