
  <record>
    <leader>00000cam  2200313Ma 4500</leader>
      <controlfield tag='006'>m        d</controlfield>
      <controlfield tag='008'>090309s1701    enk     s     000 0 eng d</controlfield>
      <controlfield tag='007'>cr |n||||||||n</controlfield>
      <controlfield tag='001'>moml506002124</controlfield>
      <controlfield tag='003'>OCoLC</controlfield>
      <controlfield tag='005'>20100429100508.0</controlfield>
      <datafield ind1=' ' ind2=' ' tag='035'>
        <subfield code='a'>(OCoLC)506002124</subfield>
      </datafield>
      <datafield ind1=' ' ind2=' ' tag='040'>
        <subfield code='a'>TGPSM</subfield>
        <subfield code='c'>BOL</subfield>
        <subfield code='d'>MIGCL</subfield>
      </datafield>
      <datafield ind1=' ' ind2=' ' tag='043'>
        <subfield code='a'>e-uk-en</subfield>
      </datafield>
      <datafield ind1=' ' ind2=' ' tag='049'>
        <subfield code='a'>TEFA</subfield>
      </datafield>
      <datafield ind1='1' ind2=' ' tag='100'>
        <subfield code='a'>Anglesey, James Annesley,</subfield>
        <subfield code='c'>Earl of,</subfield>
        <subfield code='d'>1674-1702.</subfield>
      </datafield>
      <datafield ind1='1' ind2='0' tag='245'>
        <subfield code='a'>Appendix, copy of the wills and codicils of James, Late Earl of Anglesey</subfield>
        <subfield code='h'>[electronic resource].</subfield>
      </datafield>
      <datafield ind1=' ' ind2=' ' tag='300'>
        <subfield code='a'>7 p.</subfield>
      </datafield>
      <datafield ind1=' ' ind2=' ' tag='500'>
        <subfield code='a'>Reproduction of the original from Harvard Law School Library.</subfield>
      </datafield>
      <datafield ind1=' ' ind2=' ' tag='533'>
        <subfield code='a'>Electronic reproduction.</subfield>
        <subfield code='b'>Farmington Hills, Mich. :</subfield>
        <subfield code='c'>Gale, a part of Cengage Learning,</subfield>
        <subfield code='d'>2007.</subfield>
        <subfield code='n'>Available via the World Wide Web.</subfield>
        <subfield code='n'>Access limited by licensing agreements.</subfield>
        <subfield code='7'>s2007    miunns</subfield>
      </datafield>
      <datafield ind1='1' ind2='0' tag='600'>
        <subfield code='a'>Anglesey, James Annesley,</subfield>
        <subfield code='c'>Earl of,</subfield>
        <subfield code='d'>1674-1702</subfield>
        <subfield code='x'>Will</subfield>
        <subfield code='v'>Early works to 1800.</subfield>
      </datafield>
      <datafield ind1=' ' ind2='0' tag='650'>
        <subfield code='a'>Inheritance and succession</subfield>
        <subfield code='z'>England</subfield>
        <subfield code='v'>Early works to 1800.</subfield>
      </datafield>
      <datafield ind1=' ' ind2='0' tag='830'>
        <subfield code='a'>Making of modern law.</subfield>
        <subfield code='p'>Trials, 1600-1926.</subfield>
      </datafield>
      <datafield ind1='4' ind2='0' tag='856'>
        <subfield code='u'>http://libproxy.lib.unc.edu/login?url=http://galenet.galegroup.com/servlet/MMLT?af=RN&amp;ae=Q4201128835&amp;srchtp=a&amp;ste=14&amp;q=unc_main</subfield>
        <subfield code='y'>Full text available via the UNC-Chapel Hill Libraries</subfield>
      </datafield>
      <datafield ind1=' ' ind2=' ' tag='907'>
        <subfield code='a'>b6330721</subfield>
      </datafield>
  </record>