
  <record>
    <leader>00000nam a2200433 ia4500</leader>
      <controlfield tag='006'>m    fo  d</controlfield>
      <controlfield tag='007'>cr bn nnnauuuu</controlfield>
      <controlfield tag='008'>141213s1931    cau     ol    000 0 eng d</controlfield>
      <controlfield tag='001'>ccn00504994</controlfield>
      <datafield ind1=' ' ind2=' ' tag='040'>
        <subfield code='e'>rda</subfield>
      </datafield>
      <datafield ind1='1' ind2=' ' tag='041'>
        <subfield code='a'>eng</subfield>
        <subfield code='h'>ita</subfield>
      </datafield>
      <datafield ind1=' ' ind2=' ' tag='043'>
        <subfield code='a'>e-it---</subfield>
      </datafield>
      <datafield ind1=' ' ind2='4' tag='050'>
        <subfield code='a'>KKH2064.51848</subfield>
        <subfield code='b'>.Z8 1926a</subfield>
      </datafield>
      <datafield ind1='1' ind2=' ' tag='110'>
        <subfield code='a'>Italy,</subfield>
        <subfield code='e'>enacting jurisdiction.</subfield>
      </datafield>
      <datafield ind1='1' ind2='0' tag='245'>
        <subfield code='a'>Law regarding the loss of civil rights :</subfield>
        <subfield code='b'>(law of January 31, 1926, number 108).</subfield>
      </datafield>
      <datafield ind1='1' ind2=' ' tag='246'>
        <subfield code='i'>HeinOnline index title:</subfield>
        <subfield code='a'>Fundamental laws of fascist Italy: 1922-1945, Law no. 108 [concerning Loss of Civil Rights], 31 January 1926, original text</subfield>
      </datafield>
      <datafield ind1=' ' ind2='1' tag='264'>
        <subfield code='a'>[Compton, California] :</subfield>
        <subfield code='b'>[American University Series],</subfield>
        <subfield code='c'>[1931]</subfield>
      </datafield>
      <datafield ind1=' ' ind2='2' tag='264'>
        <subfield code='a'>[Buffalo, NY] :</subfield>
        <subfield code='b'>William S. Hein &amp; Company,</subfield>
        <subfield code='c'>[between 2012 and 2014]</subfield>
      </datafield>
      <datafield ind1=' ' ind2=' ' tag='300'>
        <subfield code='a'>1 online resource (page 176).</subfield>
      </datafield>
      <datafield ind1=' ' ind2=' ' tag='336'>
        <subfield code='a'>text</subfield>
        <subfield code='2'>rdacontent</subfield>
      </datafield>
      <datafield ind1=' ' ind2=' ' tag='337'>
        <subfield code='a'>computer</subfield>
        <subfield code='2'>rdamedia</subfield>
      </datafield>
      <datafield ind1=' ' ind2=' ' tag='338'>
        <subfield code='a'>online resource</subfield>
        <subfield code='2'>rdacarrier</subfield>
      </datafield>
      <datafield ind1=' ' ind2=' ' tag='500'>
        <subfield code='a'>Extracted from: Milton H. Andrew. Twelve leading constitutions : with their historical backgrounds. Compton, California : American University Series, 1931.</subfield>
      </datafield>
      <datafield ind1=' ' ind2=' ' tag='530'>
        <subfield code='a'>Text also available in English from 1 other source: British and foreign state papers, vol. 125 (1926, part III), published 1932, and in French.</subfield>
      </datafield>
      <datafield ind1=' ' ind2=' ' tag='588'>
        <subfield code='a'>Description based on PDF title page, viewed December 13, 2014.</subfield>
      </datafield>
      <datafield ind1='1' ind2='0' tag='650'>
        <subfield code='a'>Constitutional amendments</subfield>
        <subfield code='z'>Italy.</subfield>
      </datafield>
      <datafield ind1=' ' ind2='0' tag='650'>
        <subfield code='a'>Constitutional law</subfield>
        <subfield code='z'>Italy.</subfield>
      </datafield>
      <datafield ind1=' ' ind2='0' tag='650'>
        <subfield code='a'>Civil rights</subfield>
        <subfield code='z'>Italy.</subfield>
      </datafield>
      <datafield ind1=' ' ind2='0' tag='651'>
        <subfield code='a'>Italy</subfield>
        <subfield code='x'>Politics and government</subfield>
        <subfield code='y'>1922-1945.</subfield>
      </datafield>
      <datafield ind1=' ' ind2='7' tag='655'>
        <subfield code='a'>Constitutional amendments.</subfield>
        <subfield code='2'>lcgft</subfield>
      </datafield>
      <datafield ind1='1' ind2=' ' tag='773'>
        <subfield code='a'>Andrew, Milton H. (Milton Henry), 1896-</subfield>
        <subfield code='t'>Twelve leading constitutions.</subfield>
        <subfield code='d'>Compton, California : American University Series, 1931</subfield>
        <subfield code='w'>(DLC)   31030303</subfield>
      </datafield>
      <datafield ind1=' ' ind2='0' tag='830'>
        <subfield code='a'>World constitutions illustrated.</subfield>
      </datafield>
      <datafield ind1='4' ind2='0' tag='856'>
        <subfield code='3'>HeinOnline World Constitutions Illustrated, English text, Andrew</subfield>
        <subfield code='u'>http://libproxy.lib.unc.edu/login?url=http://www.heinonline.org/HOL/Page?handle=hein.cow/tweleadco0001&amp;size=2&amp;collection=cow&amp;index=alpha/A_cowbooksa&amp;id=184</subfield>
        <subfield code='y'>Full text available via the UNC-Chapel Hill Libraries</subfield>
      </datafield>
      <datafield ind1='4' ind2='0' tag='856'>
        <subfield code='3'>HeinOnline World Constitutions Illustrated, English text, British and foreign state papers</subfield>
        <subfield code='u'>http://libproxy.lib.unc.edu/login?url=http://www.heinonline.org/HOL/Page?handle=hein.cow/bfsprs0125&amp;collection=cow&amp;index=cow/bfsprs&amp;id=888</subfield>
        <subfield code='y'>Full text available via the UNC-Chapel Hill Libraries</subfield>
      </datafield>
      <datafield ind1='4' ind2='0' tag='856'>
        <subfield code='3'>HeinOnline World Constitutions Illustrated, French text</subfield>
        <subfield code='u'>http://libproxy.lib.unc.edu/login?url=http://www.heinonline.org/HOL/Page?handle=hein.cow/lesconmo0002&amp;collection=cow&amp;index=cow/lesconmo&amp;id=100</subfield>
        <subfield code='y'>Full text available via the UNC-Chapel Hill Libraries</subfield>
      </datafield>
      <datafield ind1=' ' ind2=' ' tag='907'>
        <subfield code='a'>b8121339</subfield>
      </datafield>
  </record>