
  <record>
    <leader>00000cam a2200313Ii 4500</leader>
      <controlfield tag='008'>760123s1975    mdu      bd   000 0 spa  </controlfield>
      <controlfield tag='001'>1943351</controlfield>
      <controlfield tag='005'>19900329172502.4</controlfield>
      <datafield ind1=' ' ind2=' ' tag='010'>
        <subfield code='a'>75332183</subfield>
      </datafield>
      <datafield ind1=' ' ind2=' ' tag='020'>
        <subfield code='a'>0884991474</subfield>
      </datafield>
      <datafield ind1=' ' ind2=' ' tag='040'>
        <subfield code='a'>ILU</subfield>
        <subfield code='c'>ILU</subfield>
        <subfield code='d'>NOC</subfield>
      </datafield>
      <datafield ind1='0' ind2=' ' tag='041'>
        <subfield code='a'>spaeng</subfield>
      </datafield>
      <datafield ind1=' ' ind2=' ' tag='043'>
        <subfield code='a'>n-us-tx</subfield>
      </datafield>
      <datafield ind1=' ' ind2=' ' tag='082'>
        <subfield code='a'>467/.9/764</subfield>
      </datafield>
      <datafield ind1='1' ind2=' ' tag='100'>
        <subfield code='a'>Galván, Roberto A.</subfield>
      </datafield>
      <datafield ind1='1' ind2='3' tag='245'>
        <subfield code='a'>El diccionario del español de Tejas =</subfield>
        <subfield code='b'>The dictionary of the Spanish of Texas (Spanish-English) /</subfield>
        <subfield code='c'>compiled by Roberto A. Galván, Richard V. Teschner.</subfield>
      </datafield>
      <datafield ind1=' ' ind2=' ' tag='260'>
        <subfield code='a'>Silver Spring, Md. :</subfield>
        <subfield code='b'>Institute of Modern Languages,</subfield>
        <subfield code='c'>c1975.</subfield>
      </datafield>
      <datafield ind1=' ' ind2=' ' tag='300'>
        <subfield code='a'>vii, 102 p. ;</subfield>
        <subfield code='c'>26 cm.</subfield>
      </datafield>
      <datafield ind1=' ' ind2=' ' tag='500'>
        <subfield code='a'>Bibliography: p. 100-102.</subfield>
      </datafield>
      <datafield ind1=' ' ind2='0' tag='650'>
        <subfield code='a'>Spanish language</subfield>
        <subfield code='x'>Provincialisms</subfield>
        <subfield code='z'>Texas.</subfield>
      </datafield>
      <datafield ind1=' ' ind2='0' tag='650'>
        <subfield code='a'>Spanish language</subfield>
        <subfield code='v'>Dictionaries</subfield>
        <subfield code='x'>English.</subfield>
      </datafield>
      <datafield ind1='1' ind2=' ' tag='700'>
        <subfield code='a'>Teschner, Richard V.</subfield>
      </datafield>
      <datafield ind1='4' ind2=' ' tag='740'>
        <subfield code='a'>The dictionary of the Spanish of Texas.</subfield>
      </datafield>
      <datafield ind1=' ' ind2=' ' tag='907'>
        <subfield code='a'>b1345846</subfield>
      </datafield>
      <datafield ind1='9' ind2='1' tag='999'>
        <subfield code='i'>i1827687</subfield>
        <subfield code='l'>trln</subfield>
        <subfield code='s'>-</subfield>
        <subfield code='t'>0</subfield>
        <subfield code='c'>1</subfield>
        <subfield code='o'>2</subfield>
        <subfield code='b'>10001618581</subfield>
        <subfield code='p'>090</subfield>
        <subfield code='q'>|aPC4829.T4 G3</subfield>
      </datafield>
  </record>