
  <record>
    <leader>00000cam a2200289Li 4500</leader>
      <controlfield tag='007'>hgraob---bzcu</controlfield>
      <controlfield tag='008'>840305s1811    nju     c     000 0 eng d</controlfield>
      <controlfield tag='001'>15447927</controlfield>
      <controlfield tag='005'>19960618134515.0</controlfield>
      <datafield ind1=' ' ind2=' ' tag='040'>
        <subfield code='a'>STF</subfield>
        <subfield code='c'>STF</subfield>
      </datafield>
      <datafield ind1=' ' ind2=' ' tag='043'>
        <subfield code='a'>n-us-nj</subfield>
      </datafield>
      <datafield ind1='1' ind2=' ' tag='100'>
        <subfield code='a'>Alden, Timothy,</subfield>
        <subfield code='d'>1771-1839.</subfield>
      </datafield>
      <datafield ind1='1' ind2='0' tag='245'>
        <subfield code='a'>Circular letter, respectfully addressed to every gentleman of science in the state of New-Jersey</subfield>
        <subfield code='h'>[microform].</subfield>
      </datafield>
      <datafield ind1=' ' ind2=' ' tag='260'>
        <subfield code='a'>[Newark, N.J. :</subfield>
        <subfield code='b'>s.n.,</subfield>
        <subfield code='c'>1811]</subfield>
      </datafield>
      <datafield ind1=' ' ind2=' ' tag='300'>
        <subfield code='a'>1 broadside.</subfield>
      </datafield>
      <datafield ind1=' ' ind2=' ' tag='500'>
        <subfield code='a'>Caption title.</subfield>
      </datafield>
      <datafield ind1=' ' ind2=' ' tag='500'>
        <subfield code='a'>Signed: Timothy Alden; place and date: Newark, 1 January, 1811.</subfield>
      </datafield>
      <datafield ind1=' ' ind2=' ' tag='500'>
        <subfield code='a'>A request for documents to verify information to be part of history of New Jersey.</subfield>
      </datafield>
      <datafield ind1='4' ind2=' ' tag='510'>
        <subfield code='a'>Shaw &amp; Shoemaker,</subfield>
        <subfield code='c'>22166.</subfield>
      </datafield>
      <datafield ind1=' ' ind2=' ' tag='533'>
        <subfield code='a'>Microopaque.</subfield>
        <subfield code='b'>New York, N.Y. :</subfield>
        <subfield code='c'>Readex Microprint, courtesy of A.A.S.,</subfield>
        <subfield code='d'>1974.</subfield>
        <subfield code='e'>1 microopaque ; 23 x 15 cm.</subfield>
        <subfield code='f'>(Early American imprints.  Second series ; no. 22166)</subfield>
      </datafield>
      <datafield ind1=' ' ind2=' ' tag='539'>
        <subfield code='a'>s</subfield>
        <subfield code='b'>1974</subfield>
        <subfield code='d'>nju</subfield>
        <subfield code='e'>n</subfield>
      </datafield>
      <datafield ind1=' ' ind2='0' tag='651'>
        <subfield code='a'>New Jersey</subfield>
        <subfield code='x'>History.</subfield>
      </datafield>
      <datafield ind1=' ' ind2=' ' tag='752'>
        <subfield code='a'>United States</subfield>
        <subfield code='b'>New Jersey</subfield>
        <subfield code='d'>Newark.</subfield>
      </datafield>
      <datafield ind1=' ' ind2='0' tag='830'>
        <subfield code='a'>Early American imprints.</subfield>
        <subfield code='n'>Second series ;</subfield>
        <subfield code='v'>no. 22166.</subfield>
      </datafield>
      <datafield ind1=' ' ind2=' ' tag='907'>
        <subfield code='a'>b2892615</subfield>
      </datafield>
      <datafield ind1='9' ind2='1' tag='999'>
        <subfield code='i'>i4130741</subfield>
        <subfield code='l'>dgdaf</subfield>
        <subfield code='s'>-</subfield>
        <subfield code='t'>26</subfield>
        <subfield code='c'>1</subfield>
        <subfield code='o'>0</subfield>
        <subfield code='b'>HATJ-6641-00001</subfield>
        <subfield code='p'>099</subfield>
        <subfield code='q'>|a1-3 no. 22166.</subfield>
      </datafield>
  </record>