
  <record>
    <leader>00000nam  2200277I  4500</leader>
      <controlfield tag='008'>781129s1922    ilua     b    000 0 eng  </controlfield>
      <controlfield tag='001'>4405968</controlfield>
      <controlfield tag='005'>20010914124556.0</controlfield>
      <datafield ind1=' ' ind2=' ' tag='010'>
        <subfield code='a'>22023074</subfield>
      </datafield>
      <datafield ind1=' ' ind2=' ' tag='040'>
        <subfield code='a'>DLC</subfield>
        <subfield code='c'>ZXC</subfield>
        <subfield code='d'>NOC</subfield>
      </datafield>
      <datafield ind1='0' ind2=' ' tag='050'>
        <subfield code='a'>HF3031</subfield>
        <subfield code='b'>.T6</subfield>
      </datafield>
      <datafield ind1='1' ind2=' ' tag='100'>
        <subfield code='a'>Tosdal, Harry R.</subfield>
        <subfield code='q'>(Harry Rudolph),</subfield>
        <subfield code='d'>1889-1978.</subfield>
      </datafield>
      <datafield ind1='1' ind2='0' tag='245'>
        <subfield code='a'>Problems in export sales management</subfield>
        <subfield code='c'>[by] Harry R. Tosdal.</subfield>
      </datafield>
      <datafield ind1='3' ind2=' ' tag='246'>
        <subfield code='a'>Export sales management, Problems in</subfield>
      </datafield>
      <datafield ind1=' ' ind2=' ' tag='260'>
        <subfield code='a'>Chicago,</subfield>
        <subfield code='a'>New York,</subfield>
        <subfield code='b'>A. W. Shaw</subfield>
        <subfield code='c'>[c1922]</subfield>
      </datafield>
      <datafield ind1=' ' ind2=' ' tag='300'>
        <subfield code='a'>xvi, 702 p.</subfield>
        <subfield code='b'>illus., diagrs.</subfield>
        <subfield code='c'>25 cm.</subfield>
      </datafield>
      <datafield ind1=' ' ind2=' ' tag='504'>
        <subfield code='a'>Bibliography: p. 687-697.</subfield>
      </datafield>
      <datafield ind1=' ' ind2='0' tag='650'>
        <subfield code='a'>Selling.</subfield>
      </datafield>
      <datafield ind1=' ' ind2='0' tag='651'>
        <subfield code='a'>United States</subfield>
        <subfield code='x'>Commerce.</subfield>
      </datafield>
      <datafield ind1=' ' ind2=' ' tag='907'>
        <subfield code='a'>b4051357</subfield>
      </datafield>
      <datafield ind1='9' ind2='1' tag='999'>
        <subfield code='i'>i5564374</subfield>
        <subfield code='l'>trln</subfield>
        <subfield code='s'>-</subfield>
        <subfield code='t'>0</subfield>
        <subfield code='c'>2</subfield>
        <subfield code='o'>0</subfield>
        <subfield code='b'>00025982802</subfield>
        <subfield code='p'>092</subfield>
        <subfield code='q'>|a658.8 T71pro</subfield>
      </datafield>
  </record>