
  <record>
    <leader>00000cam  2200469 a 4500</leader>
      <controlfield tag='006'>m        d f</controlfield>
      <controlfield tag='008'>120117s2011    dcua    ob   f000 0 eng c</controlfield>
      <controlfield tag='007'>cr bn|||||||||</controlfield>
      <controlfield tag='001'>773125505</controlfield>
      <controlfield tag='003'>OCoLC</controlfield>
      <controlfield tag='005'>20120430115629.0</controlfield>
      <datafield ind1=' ' ind2=' ' tag='037'>
        <subfield code='a'>552-070-43975-7</subfield>
        <subfield code='b'>GPO</subfield>
        <subfield code='f'>paper</subfield>
      </datafield>
      <datafield ind1=' ' ind2=' ' tag='040'>
        <subfield code='a'>GPO</subfield>
        <subfield code='c'>GPO</subfield>
        <subfield code='d'>SEN</subfield>
        <subfield code='d'>GPO</subfield>
        <subfield code='d'>MvI</subfield>
      </datafield>
      <datafield ind1=' ' ind2=' ' tag='042'>
        <subfield code='a'>pcc</subfield>
      </datafield>
      <datafield ind1=' ' ind2=' ' tag='043'>
        <subfield code='a'>n-us---</subfield>
      </datafield>
      <datafield ind1='1' ind2='4' tag='050'>
        <subfield code='a'>KF26</subfield>
        <subfield code='b'>.B39452 2011</subfield>
      </datafield>
      <datafield ind1='0' ind2=' ' tag='086'>
        <subfield code='a'>Y 4.B 22/3:S.HRG.112-139</subfield>
      </datafield>
      <datafield ind1='1' ind2=' ' tag='110'>
        <subfield code='a'>United States.</subfield>
        <subfield code='b'>Congress.</subfield>
        <subfield code='b'>Senate.</subfield>
        <subfield code='b'>Committee on Banking, Housing, and Urban Affairs.</subfield>
        <subfield code='b'>Subcommittee on Housing, Transportation, and Community Development.</subfield>
      </datafield>
      <datafield ind1='1' ind2='4' tag='245'>
        <subfield code='a'>The need for national mortgage servicing standards</subfield>
        <subfield code='h'>[electronic resource] :</subfield>
        <subfield code='b'>hearing before the Subcommittee on Housing, Transportation, and Community Development of the Committee on Banking, Housing, and Urban Affairs, United States Senate, One Hundred Twelfth Congress, first session ... May 12, 2011.</subfield>
      </datafield>
      <datafield ind1=' ' ind2=' ' tag='260'>
        <subfield code='a'>Washington :</subfield>
        <subfield code='b'>U.S. G.P.O.,</subfield>
        <subfield code='c'>2011.</subfield>
      </datafield>
      <datafield ind1=' ' ind2=' ' tag='300'>
        <subfield code='a'>1 online resource (iii, 188 p.) :</subfield>
        <subfield code='b'>ill.</subfield>
      </datafield>
      <datafield ind1=' ' ind2=' ' tag='500'>
        <subfield code='a'>Title from title screen (viewed on Jan. 17, 2012).</subfield>
      </datafield>
      <datafield ind1=' ' ind2=' ' tag='500'>
        <subfield code='a'>Paper version available for sale by the Supt. of Docs., U.S. G.P.O.</subfield>
      </datafield>
      <datafield ind1=' ' ind2=' ' tag='504'>
        <subfield code='a'>Includes bibliographical references.</subfield>
      </datafield>
      <datafield ind1=' ' ind2='0' tag='650'>
        <subfield code='a'>Mortgage loan servicing</subfield>
        <subfield code='x'>Standards</subfield>
        <subfield code='z'>United States.</subfield>
      </datafield>
      <datafield ind1=' ' ind2='0' tag='650'>
        <subfield code='a'>Foreclosure</subfield>
        <subfield code='z'>United States</subfield>
        <subfield code='x'>Prevention.</subfield>
      </datafield>
      <datafield ind1=' ' ind2='0' tag='650'>
        <subfield code='a'>Loan workouts</subfield>
        <subfield code='z'>United States.</subfield>
      </datafield>
      <datafield ind1='0' ind2='8' tag='776'>
        <subfield code='i'>Print version:</subfield>
        <subfield code='a'>United States. Congress. Senate. Committee on Banking, Housing, and Urban Affairs. Subcommittee on Housing, Transportation, and Community Development.</subfield>
        <subfield code='t'>need for national mortgage servicing standards</subfield>
        <subfield code='w'>(OCoLC)775598736</subfield>
      </datafield>
      <datafield ind1='0' ind2='8' tag='776'>
        <subfield code='i'>Microfiche:</subfield>
        <subfield code='a'>United States. Congress. Senate. Committee on Banking, Housing, and Urban Affairs. Subcommittee on Housing, Transportation, and Community Development.</subfield>
        <subfield code='t'>need for national mortgage servicing standards</subfield>
        <subfield code='w'>(OCoLC)792742278</subfield>
      </datafield>
      <datafield ind1='1' ind2=' ' tag='810'>
        <subfield code='a'>United States.</subfield>
        <subfield code='b'>Congress.</subfield>
        <subfield code='b'>Senate.</subfield>
        <subfield code='t'>S. hrg. ;</subfield>
        <subfield code='v'>112-139.</subfield>
      </datafield>
      <datafield ind1='4' ind2='0' tag='856'>
        <subfield code='u'>http://purl.fdlp.gov/GPO/gpo17790</subfield>
      </datafield>
      <datafield ind1=' ' ind2=' ' tag='919'>
        <subfield code='a'>dwsgpo</subfield>
      </datafield>
      <datafield ind1=' ' ind2=' ' tag='907'>
        <subfield code='a'>b7031053</subfield>
      </datafield>
  </record>