
  <record>
    <leader>00000nam  2200337   4500</leader>
      <controlfield tag='006'>m|||||o  d |</controlfield>
      <controlfield tag='008'>790116s1717    enk|||| o     00||||eng c</controlfield>
      <controlfield tag='007'>cr||n||||||||n</controlfield>
      <controlfield tag='001'>ESTCT11949</controlfield>
      <controlfield tag='003'>CU-RivES</controlfield>
      <controlfield tag='005'>20060812140929.0</controlfield>
      <datafield ind1=' ' ind2=' ' tag='035'>
        <subfield code='a'>(Uk-ES)006211763</subfield>
      </datafield>
      <datafield ind1=' ' ind2=' ' tag='040'>
        <subfield code='a'>Uk-ES</subfield>
        <subfield code='c'>Uk-ES</subfield>
        <subfield code='d'>CU-RivES</subfield>
        <subfield code='d'>CStRLIN</subfield>
        <subfield code='d'>CU-RivES</subfield>
        <subfield code='d'>Cengage Gale</subfield>
      </datafield>
      <datafield ind1='1' ind2=' ' tag='100'>
        <subfield code='a'>Stanhope, Michael,</subfield>
        <subfield code='d'>1681-1737.</subfield>
      </datafield>
      <datafield ind1='1' ind2='4' tag='245'>
        <subfield code='a'>The clergy of the Church of England not guilty of the schism charg&apos;d upon them by the non-jurors</subfield>
        <subfield code='h'>[electronic resource] :</subfield>
        <subfield code='b'>In A Sermon Preach&apos;d in the Parish Church of St. Martin in the Fields: on Sunday, December the 9th. 1716. By Michael Stanhope, D.D. Publish&apos;d at the Request of the Hearers.</subfield>
      </datafield>
      <datafield ind1=' ' ind2=' ' tag='260'>
        <subfield code='a'>London :</subfield>
        <subfield code='b'>printed for John Wyat, at the Rose in St. Paul&apos;s Church-Yard,</subfield>
        <subfield code='c'>1717.</subfield>
      </datafield>
      <datafield ind1=' ' ind2=' ' tag='300'>
        <subfield code='a'>23,[1]p. ;</subfield>
        <subfield code='c'>4⁰.</subfield>
      </datafield>
      <datafield ind1=' ' ind2=' ' tag='500'>
        <subfield code='a'>The same setting of type was also printed using a 8⁰ imposition.</subfield>
      </datafield>
      <datafield ind1=' ' ind2=' ' tag='500'>
        <subfield code='a'>Reproduction of original from British Library.</subfield>
      </datafield>
      <datafield ind1='1' ind2=' ' tag='506'>
        <subfield code='a'>Access limited to UNC Chapel Hill-authenticated users.</subfield>
        <subfield code='f'>Unlimited simultaneous users</subfield>
      </datafield>
      <datafield ind1='4' ind2=' ' tag='510'>
        <subfield code='a'>English Short Title Catalog,</subfield>
        <subfield code='c'>T11949.</subfield>
      </datafield>
      <datafield ind1='0' ind2='0' tag='630'>
        <subfield code='a'>Bible.</subfield>
        <subfield code='p'>Romans, X, 15</subfield>
        <subfield code='v'>Sermons</subfield>
        <subfield code='v'>Early works to 1800.</subfield>
      </datafield>
      <datafield ind1=' ' ind2='7' tag='655'>
        <subfield code='a'>Sermons.</subfield>
        <subfield code='2'>rbgenr</subfield>
      </datafield>
      <datafield ind1=' ' ind2=' ' tag='752'>
        <subfield code='a'>Great Britain</subfield>
        <subfield code='b'>England</subfield>
        <subfield code='d'>London.</subfield>
      </datafield>
      <datafield ind1='0' ind2=' ' tag='773'>
        <subfield code='t'>Eighteenth century collections online (online collection). Part 1</subfield>
      </datafield>
      <datafield ind1='4' ind2='0' tag='856'>
        <subfield code='u'>http://libproxy.lib.unc.edu/login?url=http://find.galegroup.com/ecco/infomark.do?contentSet=ECCOArticles&amp;docType=ECCOArticles&amp;bookId=1085502500&amp;type=getFullCitation&amp;tabID=T001&amp;prodId=ECCO&amp;docLevel=TEXT_GRAPHICS&amp;version=1.0&amp;source=library&amp;userGroupName=unc_main</subfield>
        <subfield code='y'>Full text available via the UNC-Chapel Hill Libraries</subfield>
        <subfield code='x'>ECCO electronic book</subfield>
      </datafield>
      <datafield ind1=' ' ind2=' ' tag='907'>
        <subfield code='a'>b5072819</subfield>
      </datafield>
  </record>