
  <record>
    <leader>00000cam  22002777a 4500</leader>
      <controlfield tag='008'>921104s1992    dcu          f000 0 eng d</controlfield>
      <controlfield tag='001'>26909988</controlfield>
      <controlfield tag='005'>19921104093942.0</controlfield>
      <datafield ind1=' ' ind2=' ' tag='035'>
        <subfield code='a'>(GPO)93055761</subfield>
      </datafield>
      <datafield ind1=' ' ind2=' ' tag='040'>
        <subfield code='a'>GPO</subfield>
        <subfield code='c'>GPO</subfield>
        <subfield code='d'>DLC</subfield>
      </datafield>
      <datafield ind1=' ' ind2=' ' tag='074'>
        <subfield code='a'>0156-B-52</subfield>
      </datafield>
      <datafield ind1='0' ind2=' ' tag='086'>
        <subfield code='a'>C 3.215/20:89-11</subfield>
      </datafield>
      <datafield ind1='0' ind2='0' tag='245'>
        <subfield code='a'>Housing profile :</subfield>
        <subfield code='b'>Los Angeles-Long Beach, California.</subfield>
      </datafield>
      <datafield ind1=' ' ind2=' ' tag='260'>
        <subfield code='a'>[Washington, D.C.? :</subfield>
        <subfield code='b'>U.S. Dept. of Commerce, Economics and Statistics Administration, Bureau of the Census :</subfield>
        <subfield code='b'>U.S. Dept. of Housing and Urban Development, Office of Policy Development and Research,</subfield>
        <subfield code='c'>1992]</subfield>
      </datafield>
      <datafield ind1=' ' ind2=' ' tag='300'>
        <subfield code='a'>1 sheet</subfield>
      </datafield>
      <datafield ind1=' ' ind2=' ' tag='500'>
        <subfield code='a'>Shipping list no.: 92-0583-P.</subfield>
      </datafield>
      <datafield ind1=' ' ind2='0' tag='650'>
        <subfield code='a'>Housing surveys</subfield>
        <subfield code='z'>California</subfield>
        <subfield code='z'>Los Angeles Metropolitan Area.</subfield>
      </datafield>
      <datafield ind1=' ' ind2='0' tag='650'>
        <subfield code='a'>Housing surveys</subfield>
        <subfield code='z'>California</subfield>
        <subfield code='z'>Long Beach Metropolitan Area.</subfield>
      </datafield>
      <datafield ind1='1' ind2=' ' tag='710'>
        <subfield code='a'>United States.</subfield>
        <subfield code='b'>Bureau of the Census.</subfield>
      </datafield>
      <datafield ind1='1' ind2=' ' tag='710'>
        <subfield code='a'>United States.</subfield>
        <subfield code='b'>Department of Housing and Urban Development.</subfield>
        <subfield code='b'>Office of Policy Development and Research.</subfield>
      </datafield>
      <datafield ind1=' ' ind2='0' tag='830'>
        <subfield code='a'>American housing brief from the American housing survey ;</subfield>
        <subfield code='v'>AHB/89-11.</subfield>
      </datafield>
      <datafield ind1=' ' ind2=' ' tag='907'>
        <subfield code='a'>b3387414</subfield>
      </datafield>
      <datafield ind1='9' ind2='1' tag='999'>
        <subfield code='i'>i4807403</subfield>
        <subfield code='l'>dcpf</subfield>
        <subfield code='s'>-</subfield>
        <subfield code='t'>20</subfield>
        <subfield code='c'>1</subfield>
        <subfield code='o'>0</subfield>
        <subfield code='b'>HAYZ-3362-00001</subfield>
        <subfield code='p'>086</subfield>
        <subfield code='q'>|aC 3.215/20:89-11</subfield>
      </datafield>
  </record>