
  <record>
    <leader>00000cam a2200313 a 4500</leader>
      <controlfield tag='008'>920102s1989    kz       b    000 0bruso </controlfield>
      <controlfield tag='001'>22346393</controlfield>
      <controlfield tag='005'>19920102000000.0</controlfield>
      <datafield ind1=' ' ind2=' ' tag='010'>
        <subfield code='a'>90188430</subfield>
      </datafield>
      <datafield ind1=' ' ind2=' ' tag='020'>
        <subfield code='a'>5628002496</subfield>
      </datafield>
      <datafield ind1=' ' ind2=' ' tag='040'>
        <subfield code='a'>DLC</subfield>
        <subfield code='c'>DLC</subfield>
        <subfield code='d'>NOC</subfield>
      </datafield>
      <datafield ind1=' ' ind2=' ' tag='043'>
        <subfield code='a'>e-ur-kz</subfield>
      </datafield>
      <datafield ind1='1' ind2=' ' tag='100'>
        <subfield code='a'>Zimanov, S. Z.</subfield>
        <subfield code='q'>(Salyk Zimanovich)</subfield>
      </datafield>
      <datafield ind1='1' ind2='0' tag='245'>
        <subfield code='a'>Obshchestvenno-politicheskie vzgl︠i︡ady Mukhamedzhana Seralina /</subfield>
        <subfield code='c'>S.Z. Zimanov, K.Z. Idrisov.</subfield>
      </datafield>
      <datafield ind1=' ' ind2=' ' tag='260'>
        <subfield code='a'>Alma-Ata :</subfield>
        <subfield code='b'>&quot;Nauka&quot; Kazakhskoĭ SSR,</subfield>
        <subfield code='c'>1989.</subfield>
      </datafield>
      <datafield ind1=' ' ind2=' ' tag='300'>
        <subfield code='a'>163 p. ;</subfield>
        <subfield code='c'>21 cm.</subfield>
      </datafield>
      <datafield ind1=' ' ind2=' ' tag='500'>
        <subfield code='a'>&quot;Nauchna︠i︡a monografi︠i︡a&quot;--Colophon.</subfield>
      </datafield>
      <datafield ind1=' ' ind2=' ' tag='500'>
        <subfield code='a'>At head of title: Akademi︠i︡a nauk Kazakhskoĭ SSR. Institut filosofii i prava.</subfield>
      </datafield>
      <datafield ind1=' ' ind2=' ' tag='504'>
        <subfield code='a'>Includes bibliographical references.</subfield>
      </datafield>
      <datafield ind1='1' ind2='0' tag='600'>
        <subfield code='a'>Seralin, Mūkhametzhan,</subfield>
        <subfield code='d'>1872-1929.</subfield>
      </datafield>
      <datafield ind1=' ' ind2='0' tag='650'>
        <subfield code='a'>Intellectuals</subfield>
        <subfield code='z'>Kazakhstan</subfield>
        <subfield code='v'>Biography.</subfield>
      </datafield>
      <datafield ind1=' ' ind2='0' tag='650'>
        <subfield code='a'>Journalists</subfield>
        <subfield code='z'>Kazakhstan</subfield>
        <subfield code='v'>Biography.</subfield>
      </datafield>
      <datafield ind1='1' ind2=' ' tag='700'>
        <subfield code='a'>Idrisov, K. Z.</subfield>
        <subfield code='q'>(Kabdesh Zulovich)</subfield>
      </datafield>
      <datafield ind1=' ' ind2=' ' tag='907'>
        <subfield code='a'>b2363409</subfield>
      </datafield>
      <datafield ind1='9' ind2='1' tag='999'>
        <subfield code='i'>i3397623</subfield>
        <subfield code='l'>ddda</subfield>
        <subfield code='s'>-</subfield>
        <subfield code='t'>0</subfield>
        <subfield code='c'>1</subfield>
        <subfield code='o'>0</subfield>
        <subfield code='b'>00006684117</subfield>
        <subfield code='p'>090</subfield>
        <subfield code='q'>|aDK908.863.S47 Z56 1989</subfield>
      </datafield>
  </record>