
  <record>
    <leader>00000nam a2200241K  4500</leader>
      <controlfield tag='008'>920905s1962    rb       d    000 0 rus d</controlfield>
      <controlfield tag='001'>26541166</controlfield>
      <controlfield tag='005'>20011114111648.0</controlfield>
      <datafield ind1=' ' ind2=' ' tag='040'>
        <subfield code='a'>GZM</subfield>
        <subfield code='c'>GZM</subfield>
        <subfield code='d'>NOC</subfield>
      </datafield>
      <datafield ind1='0' ind2='0' tag='245'>
        <subfield code='a'>Rečnik rusko-srpskohrvatski i srpskohrvatsko-ruski sa kratkom gramatikom ruskog jezika.</subfield>
      </datafield>
      <datafield ind1=' ' ind2=' ' tag='250'>
        <subfield code='a'>3. izd.</subfield>
      </datafield>
      <datafield ind1=' ' ind2=' ' tag='260'>
        <subfield code='a'>Beograd :</subfield>
        <subfield code='b'>Prosveta</subfield>
        <subfield code='c'>[1962?]</subfield>
      </datafield>
      <datafield ind1=' ' ind2=' ' tag='300'>
        <subfield code='a'>709 p. ;</subfield>
        <subfield code='c'>17 cm.</subfield>
      </datafield>
      <datafield ind1=' ' ind2='0' tag='650'>
        <subfield code='a'>Russian language</subfield>
        <subfield code='v'>Dictionaries</subfield>
        <subfield code='x'>Serbo-Croatian.</subfield>
      </datafield>
      <datafield ind1=' ' ind2='0' tag='650'>
        <subfield code='a'>Serbo-Croatian language</subfield>
        <subfield code='v'>Dictionaries</subfield>
        <subfield code='x'>Russian.</subfield>
      </datafield>
      <datafield ind1='1' ind2=' ' tag='700'>
        <subfield code='a'>Grujić, Branislav.</subfield>
      </datafield>
      <datafield ind1='1' ind2=' ' tag='700'>
        <subfield code='a'>Šubin, Nikola.</subfield>
      </datafield>
      <datafield ind1=' ' ind2=' ' tag='907'>
        <subfield code='a'>b4083189</subfield>
      </datafield>
      <datafield ind1='9' ind2='1' tag='999'>
        <subfield code='i'>i5610995</subfield>
        <subfield code='l'>ddda</subfield>
        <subfield code='s'>-</subfield>
        <subfield code='t'>0</subfield>
        <subfield code='c'>1</subfield>
        <subfield code='o'>4</subfield>
        <subfield code='b'>00026784365</subfield>
        <subfield code='p'>090</subfield>
        <subfield code='q'>|aPG1378 .R42</subfield>
      </datafield>
  </record>