
  <record>
    <leader>00000nam a22003137a 4500</leader>
      <controlfield tag='008'>910515r19891989dcu     b    f000 0 eng d</controlfield>
      <controlfield tag='001'>23748349</controlfield>
      <controlfield tag='005'>19910515163632.0</controlfield>
      <datafield ind1=' ' ind2=' ' tag='027'>
        <subfield code='a'>E-4594</subfield>
      </datafield>
      <datafield ind1=' ' ind2=' ' tag='035'>
        <subfield code='a'>(GPO)91071893</subfield>
      </datafield>
      <datafield ind1=' ' ind2=' ' tag='040'>
        <subfield code='a'>GPO</subfield>
        <subfield code='c'>GPO</subfield>
        <subfield code='d'>DLC</subfield>
      </datafield>
      <datafield ind1=' ' ind2=' ' tag='074'>
        <subfield code='a'>830-D (MF)</subfield>
      </datafield>
      <datafield ind1='0' ind2=' ' tag='086'>
        <subfield code='a'>NAS 1.15:102008</subfield>
      </datafield>
      <datafield ind1='1' ind2=' ' tag='100'>
        <subfield code='a'>Appelbaum, Joseph.</subfield>
      </datafield>
      <datafield ind1='1' ind2='0' tag='245'>
        <subfield code='a'>Restrictive loads powered by separate or by common electrical sources</subfield>
        <subfield code='h'>[microform] /</subfield>
        <subfield code='c'>J. Appelbaum.</subfield>
      </datafield>
      <datafield ind1=' ' ind2=' ' tag='260'>
        <subfield code='a'>[Washington, DC] :</subfield>
        <subfield code='b'>National Aeronautics and Space Administration ;</subfield>
        <subfield code='a'>[Springfield, Va. :</subfield>
        <subfield code='b'>For sale by the National Technical Information Service,</subfield>
        <subfield code='c'>1989]</subfield>
      </datafield>
      <datafield ind1=' ' ind2=' ' tag='300'>
        <subfield code='a'>1 v.</subfield>
      </datafield>
      <datafield ind1=' ' ind2=' ' tag='500'>
        <subfield code='a'>Distributed to depository libraries in microfiche.</subfield>
      </datafield>
      <datafield ind1=' ' ind2=' ' tag='533'>
        <subfield code='a'>Microfiche.</subfield>
        <subfield code='b'>[Washington, D.C.? :</subfield>
        <subfield code='c'>National Aeronautics and Space Administration],</subfield>
        <subfield code='d'>1989.</subfield>
        <subfield code='e'>1 microfiche.</subfield>
      </datafield>
      <datafield ind1=' ' ind2='0' tag='650'>
        <subfield code='a'>Electronics.</subfield>
      </datafield>
      <datafield ind1='1' ind2=' ' tag='710'>
        <subfield code='a'>United States.</subfield>
        <subfield code='b'>National Aeronautics and Space Administration.</subfield>
      </datafield>
      <datafield ind1=' ' ind2='0' tag='830'>
        <subfield code='a'>NASA technical memorandum ;</subfield>
        <subfield code='v'>102008.</subfield>
      </datafield>
      <datafield ind1=' ' ind2=' ' tag='907'>
        <subfield code='a'>b3654292</subfield>
      </datafield>
      <datafield ind1='9' ind2='1' tag='999'>
        <subfield code='i'>i5097585</subfield>
        <subfield code='l'>dcpfb</subfield>
        <subfield code='s'>-</subfield>
        <subfield code='t'>20</subfield>
        <subfield code='c'>1</subfield>
        <subfield code='o'>0</subfield>
        <subfield code='b'>HBBG-9410-00001</subfield>
        <subfield code='p'>086</subfield>
        <subfield code='q'>|aNAS 1.15:102008</subfield>
      </datafield>
  </record>