
  <record>
    <leader>00000cam a2200397Ia 4500</leader>
      <controlfield tag='008'>031103s2003    it abef  b    101 0 fre d</controlfield>
      <controlfield tag='001'>53340482</controlfield>
      <controlfield tag='005'>20040806110735.0</controlfield>
      <datafield ind1=' ' ind2=' ' tag='020'>
        <subfield code='a'>2728306591</subfield>
      </datafield>
      <datafield ind1=' ' ind2=' ' tag='040'>
        <subfield code='a'>C3L</subfield>
        <subfield code='c'>C3L</subfield>
        <subfield code='d'>TZT</subfield>
        <subfield code='d'>CLU</subfield>
        <subfield code='d'>NOC</subfield>
      </datafield>
      <datafield ind1='0' ind2=' ' tag='041'>
        <subfield code='a'>fre</subfield>
        <subfield code='a'>ita</subfield>
        <subfield code='b'>fre</subfield>
        <subfield code='b'>ita</subfield>
      </datafield>
      <datafield ind1=' ' ind2=' ' tag='043'>
        <subfield code='a'>e-fr---</subfield>
        <subfield code='a'>e-it---</subfield>
      </datafield>
      <datafield ind1=' ' ind2=' ' tag='045'>
        <subfield code='a'>o0s9</subfield>
      </datafield>
      <datafield ind1='1' ind2='4' tag='082'>
        <subfield code='a'>271</subfield>
        <subfield code='2'>12</subfield>
      </datafield>
      <datafield ind1='0' ind2='0' tag='245'>
        <subfield code='a'>Ermites de France et d&apos;Italie (XIe-XVe siècle) /</subfield>
        <subfield code='c'>sous la direction d&apos;André Vauchez.</subfield>
      </datafield>
      <datafield ind1=' ' ind2=' ' tag='260'>
        <subfield code='a'>Rome :</subfield>
        <subfield code='b'>Ecole française de Rome,</subfield>
        <subfield code='c'>2003.</subfield>
      </datafield>
      <datafield ind1=' ' ind2=' ' tag='300'>
        <subfield code='a'>ix, 522 p., [5] p. of plates :</subfield>
        <subfield code='b'>ill., maps, plans ;</subfield>
        <subfield code='c'>24 cm.</subfield>
      </datafield>
      <datafield ind1=' ' ind2=' ' tag='500'>
        <subfield code='a'>&quot;Actes du colloque organisé par l&apos;École française de Rome à la Certosa di Pontignano (5-7 mai 2000) avec le patronage de l&apos;Université de Sienne&quot;--T.p. verso.</subfield>
      </datafield>
      <datafield ind1=' ' ind2=' ' tag='504'>
        <subfield code='a'>Includes bibliographical references and index.</subfield>
      </datafield>
      <datafield ind1=' ' ind2=' ' tag='546'>
        <subfield code='a'>French and Italian; summaries in French and Italian.</subfield>
      </datafield>
      <datafield ind1=' ' ind2='0' tag='650'>
        <subfield code='a'>Hermits</subfield>
        <subfield code='z'>France</subfield>
        <subfield code='x'>History</subfield>
        <subfield code='v'>Congresses.</subfield>
      </datafield>
      <datafield ind1=' ' ind2='0' tag='650'>
        <subfield code='a'>Hermits</subfield>
        <subfield code='z'>Italy</subfield>
        <subfield code='x'>History</subfield>
        <subfield code='v'>Congresses.</subfield>
      </datafield>
      <datafield ind1=' ' ind2='0' tag='651'>
        <subfield code='a'>France</subfield>
        <subfield code='x'>Church history</subfield>
        <subfield code='y'>987-1515</subfield>
        <subfield code='v'>Congresses.</subfield>
      </datafield>
      <datafield ind1=' ' ind2='0' tag='651'>
        <subfield code='a'>Italy</subfield>
        <subfield code='x'>Church history</subfield>
        <subfield code='y'>476-1400</subfield>
        <subfield code='v'>Congresses.</subfield>
      </datafield>
      <datafield ind1=' ' ind2=' ' tag='653'>
        <subfield code='a'>Mediaeval religious history</subfield>
        <subfield code='a'>France</subfield>
        <subfield code='a'>Italy</subfield>
        <subfield code='a'>Hermits</subfield>
      </datafield>
      <datafield ind1='1' ind2=' ' tag='700'>
        <subfield code='a'>Vauchez, André.</subfield>
      </datafield>
      <datafield ind1='2' ind2=' ' tag='710'>
        <subfield code='a'>Certosa di Pontignano (Pontignano, Italy)</subfield>
      </datafield>
      <datafield ind1=' ' ind2='0' tag='830'>
        <subfield code='a'>Collection de l&apos;École française de Rome ;</subfield>
        <subfield code='v'>313.</subfield>
      </datafield>
      <datafield ind1=' ' ind2=' ' tag='907'>
        <subfield code='a'>b4480629</subfield>
      </datafield>
      <datafield ind1='9' ind2='1' tag='999'>
        <subfield code='i'>i6092217</subfield>
        <subfield code='l'>ddda</subfield>
        <subfield code='s'>-</subfield>
        <subfield code='t'>0</subfield>
        <subfield code='c'>1</subfield>
        <subfield code='o'>1</subfield>
        <subfield code='b'>00024095293</subfield>
        <subfield code='p'>090</subfield>
        <subfield code='q'>|aBX2847.F8 E76 2003</subfield>
      </datafield>
  </record>