
  <record>
    <leader>00000cam  2200205   4500</leader>
      <controlfield tag='008'>720922s1972    pr            100 0 eng  </controlfield>
      <controlfield tag='001'>483005</controlfield>
      <controlfield tag='005'>19790630000000.0</controlfield>
      <datafield ind1=' ' ind2=' ' tag='010'>
        <subfield code='a'>72192920</subfield>
      </datafield>
      <datafield ind1=' ' ind2=' ' tag='040'>
        <subfield code='a'>DLC</subfield>
        <subfield code='c'>DLC</subfield>
        <subfield code='d'>NOC</subfield>
      </datafield>
      <datafield ind1=' ' ind2=' ' tag='043'>
        <subfield code='a'>cl-----</subfield>
        <subfield code='a'>n-us---</subfield>
      </datafield>
      <datafield ind1=' ' ind2=' ' tag='082'>
        <subfield code='a'>327.73/08</subfield>
      </datafield>
      <datafield ind1='1' ind2=' ' tag='100'>
        <subfield code='a'>Perusse, Roland I.</subfield>
      </datafield>
      <datafield ind1='1' ind2='0' tag='245'>
        <subfield code='a'>Contemporary issues in inter-American relations.</subfield>
        <subfield code='c'>Roland I. Perusse, editor.</subfield>
      </datafield>
      <datafield ind1=' ' ind2=' ' tag='260'>
        <subfield code='a'>San Juan, P.R.,</subfield>
        <subfield code='b'>North-South Press,</subfield>
        <subfield code='c'>1972.</subfield>
      </datafield>
      <datafield ind1=' ' ind2=' ' tag='300'>
        <subfield code='a'>iii, 60 p.</subfield>
        <subfield code='c'>24 cm.</subfield>
      </datafield>
      <datafield ind1=' ' ind2=' ' tag='500'>
        <subfield code='a'>A collection of 9 speeches; 7 were delivered as part of the Panel on Inter-American Understanding of the 63d U.S. National Governors&apos; Conference, San Juan, Sept. 14, 1971; the other 2 were given by N. Samuels, U.S. Deputy Under-Secretary for Economic Affairs, Panama, Sept. 13, 1971 and C. A. Meyer, U.S. Assistant Secretary of State for Inter-American Affairs, Chicago, Oct. 25, 1971.</subfield>
      </datafield>
      <datafield ind1=' ' ind2='0' tag='651'>
        <subfield code='a'>United States</subfield>
        <subfield code='x'>Foreign relations</subfield>
        <subfield code='z'>Latin America.</subfield>
      </datafield>
      <datafield ind1=' ' ind2='0' tag='651'>
        <subfield code='a'>Latin America</subfield>
        <subfield code='x'>Foreign relations</subfield>
        <subfield code='z'>United States.</subfield>
      </datafield>
      <datafield ind1='2' ind2=' ' tag='710'>
        <subfield code='a'>National Governors&apos; Conference.</subfield>
      </datafield>
      <datafield ind1=' ' ind2=' ' tag='907'>
        <subfield code='a'>b1123311</subfield>
      </datafield>
      <datafield ind1='9' ind2='1' tag='999'>
        <subfield code='i'>i1221847</subfield>
        <subfield code='l'>trln</subfield>
        <subfield code='s'>-</subfield>
        <subfield code='t'>0</subfield>
        <subfield code='c'>1</subfield>
        <subfield code='o'>0</subfield>
        <subfield code='b'>00029339298</subfield>
        <subfield code='p'>090</subfield>
        <subfield code='q'>|aF1418 .P5</subfield>
      </datafield>
  </record>