
  <record>
    <leader>00000cam  2200349Ia 4500</leader>
      <controlfield tag='008'>040426s2002    dcu     bb   f000 0 eng d</controlfield>
      <controlfield tag='007'>he bmb024baca</controlfield>
      <controlfield tag='001'>55021137</controlfield>
      <controlfield tag='005'>20040426092404.0</controlfield>
      <datafield ind1=' ' ind2=' ' tag='040'>
        <subfield code='a'>UP4</subfield>
        <subfield code='c'>UP4</subfield>
      </datafield>
      <datafield ind1=' ' ind2=' ' tag='043'>
        <subfield code='a'>n-us-ak</subfield>
      </datafield>
      <datafield ind1='1' ind2=' ' tag='100'>
        <subfield code='a'>Corn, M. Lynne</subfield>
        <subfield code='q'>(Mary Lynne),</subfield>
        <subfield code='d'>1946-</subfield>
      </datafield>
      <datafield ind1='1' ind2='0' tag='245'>
        <subfield code='a'>Arctic National Wildlife Refuge</subfield>
        <subfield code='h'>[microform] :</subfield>
        <subfield code='b'>legislative issues /</subfield>
        <subfield code='c'>M. Lynne Corn and Bernard Gelb, Pamela Baldwin.</subfield>
      </datafield>
      <datafield ind1=' ' ind2=' ' tag='260'>
        <subfield code='a'>[Washington, D.C.] :</subfield>
        <subfield code='b'>Congressional Research Service, Library of Congress,</subfield>
        <subfield code='c'>[2002]</subfield>
      </datafield>
      <datafield ind1=' ' ind2=' ' tag='300'>
        <subfield code='a'>15 p. ;</subfield>
        <subfield code='c'>28 cm.</subfield>
      </datafield>
      <datafield ind1=' ' ind2=' ' tag='500'>
        <subfield code='a'>Cover title.</subfield>
      </datafield>
      <datafield ind1=' ' ind2=' ' tag='500'>
        <subfield code='a'>&quot;Updated January 23, 2002.&quot;</subfield>
      </datafield>
      <datafield ind1=' ' ind2=' ' tag='504'>
        <subfield code='a'>Includes bibliographical references (p. 14-15).</subfield>
      </datafield>
      <datafield ind1=' ' ind2=' ' tag='533'>
        <subfield code='a'>Microfiche.</subfield>
        <subfield code='b'>Bethesda, Md. :</subfield>
        <subfield code='c'>University Publications of America.</subfield>
        <subfield code='d'>2002.</subfield>
        <subfield code='e'>1 microfiche : negative.</subfield>
        <subfield code='f'>(Major studies and issue briefs of the Congressional Research Service. 2002 supplement ; 02-IB-10094).</subfield>
        <subfield code='7'>s2002    mdun b</subfield>
      </datafield>
      <datafield ind1=' ' ind2='0' tag='650'>
        <subfield code='a'>Wildlife refuges</subfield>
        <subfield code='z'>Alaska.</subfield>
      </datafield>
      <datafield ind1=' ' ind2='0' tag='651'>
        <subfield code='a'>Arctic National Wildlife Refuge (Alaska)</subfield>
      </datafield>
      <datafield ind1='1' ind2=' ' tag='700'>
        <subfield code='a'>Gelb, Bernard A.</subfield>
      </datafield>
      <datafield ind1='1' ind2=' ' tag='700'>
        <subfield code='a'>Baldwin, Pamela.</subfield>
      </datafield>
      <datafield ind1='2' ind2=' ' tag='710'>
        <subfield code='a'>Library of Congress.</subfield>
        <subfield code='b'>Congressional Research Service.</subfield>
      </datafield>
      <datafield ind1=' ' ind2='0' tag='830'>
        <subfield code='a'>Major studies and issue briefs of the Congressional Research Service.</subfield>
        <subfield code='p'>Supplement ;</subfield>
        <subfield code='v'>2002, 02-IB-10094.</subfield>
      </datafield>
      <datafield ind1=' ' ind2='0' tag='830'>
        <subfield code='a'>CRS issue brief ;</subfield>
        <subfield code='v'>IB10094.</subfield>
      </datafield>
      <datafield ind1=' ' ind2=' ' tag='907'>
        <subfield code='a'>b4438092</subfield>
      </datafield>
      <datafield ind1='9' ind2='1' tag='999'>
        <subfield code='i'>i6043430</subfield>
        <subfield code='l'>knfc</subfield>
        <subfield code='s'>o</subfield>
        <subfield code='t'>27</subfield>
        <subfield code='c'>1</subfield>
        <subfield code='o'>0</subfield>
        <subfield code='b'>HBJB-8737-00001</subfield>
        <subfield code='p'>090</subfield>
        <subfield code='q'>|aJK1108|b.M35 Suppl. 2002 no. 02-IB-10094</subfield>
      </datafield>
  </record>