
  <record>
    <leader>00000ccm  2200325Ia 4500</leader>
      <controlfield tag='008'>090904s2009    pausuz         n    zxx d</controlfield>
      <controlfield tag='001'>436029446</controlfield>
      <controlfield tag='003'>OCoLC</controlfield>
      <controlfield tag='005'>20100507025228.0</controlfield>
      <datafield ind1='1' ind2='0' tag='024'>
        <subfield code='a'>680160584734</subfield>
      </datafield>
      <datafield ind1='3' ind2='2' tag='028'>
        <subfield code='a'>110-41780</subfield>
        <subfield code='b'>Theodore Presser</subfield>
      </datafield>
      <datafield ind1='3' ind2='0' tag='028'>
        <subfield code='a'>110417800</subfield>
        <subfield code='b'>Theodore Presser</subfield>
      </datafield>
      <datafield ind1=' ' ind2=' ' tag='035'>
        <subfield code='a'>(OCoLC)436029446</subfield>
      </datafield>
      <datafield ind1=' ' ind2=' ' tag='040'>
        <subfield code='a'>OHX</subfield>
        <subfield code='c'>OHX</subfield>
        <subfield code='d'>TXH</subfield>
        <subfield code='d'>INU</subfield>
        <subfield code='d'>CIN</subfield>
        <subfield code='d'>NUI</subfield>
        <subfield code='d'>NOC</subfield>
      </datafield>
      <datafield ind1=' ' ind2=' ' tag='048'>
        <subfield code='a'>ka02</subfield>
      </datafield>
      <datafield ind1=' ' ind2=' ' tag='049'>
        <subfield code='a'>OFC1</subfield>
      </datafield>
      <datafield ind1=' ' ind2='7' tag='072'>
        <subfield code='a'>M</subfield>
        <subfield code='2'>lcco</subfield>
      </datafield>
      <datafield ind1='1' ind2=' ' tag='100'>
        <subfield code='a'>Hailstork, Adolphus C.</subfield>
      </datafield>
      <datafield ind1='1' ind2='0' tag='240'>
        <subfield code='a'>Guest suite</subfield>
      </datafield>
      <datafield ind1='1' ind2='0' tag='245'>
        <subfield code='a'>Guest suite :</subfield>
        <subfield code='b'>for piano duet /</subfield>
        <subfield code='c'>Adolphus Hailstork.</subfield>
      </datafield>
      <datafield ind1=' ' ind2=' ' tag='260'>
        <subfield code='a'>[King of Prussia, Pa.] :</subfield>
        <subfield code='b'>Theodore Presser,</subfield>
        <subfield code='c'>c2009.</subfield>
      </datafield>
      <datafield ind1=' ' ind2=' ' tag='300'>
        <subfield code='a'>15 p. of music ;</subfield>
        <subfield code='c'>28 cm.</subfield>
      </datafield>
      <datafield ind1=' ' ind2=' ' tag='500'>
        <subfield code='a'>&quot;Authorized reproduction&quot;--Stamp on caption.</subfield>
      </datafield>
      <datafield ind1=' ' ind2=' ' tag='500'>
        <subfield code='a'>Reproduced from ms.</subfield>
      </datafield>
      <datafield ind1=' ' ind2='0' tag='650'>
        <subfield code='a'>Suites (Piano, 4 hands)</subfield>
      </datafield>
      <datafield ind1=' ' ind2=' ' tag='907'>
        <subfield code='a'>b6121908</subfield>
      </datafield>
      <datafield ind1='9' ind2='1' tag='999'>
        <subfield code='i'>i8280976</subfield>
        <subfield code='l'>mmda</subfield>
        <subfield code='s'>-</subfield>
        <subfield code='t'>45</subfield>
        <subfield code='c'>1</subfield>
        <subfield code='o'>0</subfield>
        <subfield code='b'>00035362080</subfield>
        <subfield code='p'>090</subfield>
        <subfield code='q'>|aM203.H35|bG8 2009</subfield>
      </datafield>
  </record>