
  <record>
    <leader>00000cam  2200361Ia 4500</leader>
      <controlfield tag='008'>110201s2010    enkab    b    000 0 eng d</controlfield>
      <controlfield tag='001'>700033487</controlfield>
      <controlfield tag='003'>OCoLC</controlfield>
      <controlfield tag='005'>20110614043403.0</controlfield>
      <datafield ind1=' ' ind2=' ' tag='010'>
        <subfield code='a'>2010551871</subfield>
      </datafield>
      <datafield ind1=' ' ind2=' ' tag='020'>
        <subfield code='a'>1407307304</subfield>
      </datafield>
      <datafield ind1=' ' ind2=' ' tag='020'>
        <subfield code='a'>9781407307305</subfield>
      </datafield>
      <datafield ind1=' ' ind2=' ' tag='035'>
        <subfield code='a'>(OCoLC)700033487</subfield>
      </datafield>
      <datafield ind1=' ' ind2=' ' tag='040'>
        <subfield code='a'>YDXCP</subfield>
        <subfield code='c'>YDXCP</subfield>
        <subfield code='d'>TXA</subfield>
        <subfield code='d'>BWK</subfield>
        <subfield code='d'>SUC</subfield>
        <subfield code='d'>DLC</subfield>
      </datafield>
      <datafield ind1=' ' ind2=' ' tag='043'>
        <subfield code='a'>aw-----</subfield>
      </datafield>
      <datafield ind1=' ' ind2=' ' tag='049'>
        <subfield code='a'>NOCC</subfield>
      </datafield>
      <datafield ind1=' ' ind2='4' tag='050'>
        <subfield code='a'>GN434.2.F55</subfield>
        <subfield code='b'>B37 2010</subfield>
      </datafield>
      <datafield ind1='1' ind2=' ' tag='100'>
        <subfield code='a'>Barzilai, Omry,</subfield>
        <subfield code='d'>1968-</subfield>
      </datafield>
      <datafield ind1='1' ind2='0' tag='245'>
        <subfield code='a'>Social complexity in the southern Levantine PPNB as reflected through lithic studies :</subfield>
        <subfield code='b'>the bidirectional blade industries /</subfield>
        <subfield code='c'>Omry Barzilai.</subfield>
      </datafield>
      <datafield ind1=' ' ind2=' ' tag='260'>
        <subfield code='a'>Oxford :</subfield>
        <subfield code='b'>Archaeopress,</subfield>
        <subfield code='c'>2010.</subfield>
      </datafield>
      <datafield ind1=' ' ind2=' ' tag='300'>
        <subfield code='a'>x, 194 p. :</subfield>
        <subfield code='b'>ill. (some col.), maps ;</subfield>
        <subfield code='c'>30 cm.</subfield>
      </datafield>
      <datafield ind1=' ' ind2=' ' tag='500'>
        <subfield code='a'>Originally presented as: Thesis (Ph.D.)--Hebrew University, 2009.</subfield>
      </datafield>
      <datafield ind1=' ' ind2=' ' tag='504'>
        <subfield code='a'>Includes bibliographical references (p. 181-194).</subfield>
      </datafield>
      <datafield ind1=' ' ind2='0' tag='650'>
        <subfield code='a'>Stone implements</subfield>
        <subfield code='z'>Middle East.</subfield>
      </datafield>
      <datafield ind1=' ' ind2='0' tag='650'>
        <subfield code='a'>Neolithic period</subfield>
        <subfield code='z'>Middle East.</subfield>
      </datafield>
      <datafield ind1=' ' ind2='0' tag='651'>
        <subfield code='a'>Middle East</subfield>
        <subfield code='x'>Antiquities.</subfield>
      </datafield>
      <datafield ind1=' ' ind2='0' tag='830'>
        <subfield code='a'>BAR international series ;</subfield>
        <subfield code='v'>2180.</subfield>
      </datafield>
      <datafield ind1=' ' ind2=' ' tag='907'>
        <subfield code='a'>b6751434</subfield>
      </datafield>
      <datafield ind1='9' ind2='1' tag='999'>
        <subfield code='i'>i9038658</subfield>
        <subfield code='l'>dddb</subfield>
        <subfield code='s'>-</subfield>
        <subfield code='t'>0</subfield>
        <subfield code='c'>1</subfield>
        <subfield code='o'>1</subfield>
        <subfield code='b'>00041307594</subfield>
        <subfield code='p'>050</subfield>
        <subfield code='q'>|aGN434.2.F55|bB37 2010</subfield>
      </datafield>
  </record>