
  <record>
    <leader>00000cam a22002777  4500</leader>
      <controlfield tag='006'>m        d</controlfield>
      <controlfield tag='008'>070904s1990    mau||||fs|||| 000 0 eng d</controlfield>
      <controlfield tag='007'>cr un</controlfield>
      <controlfield tag='001'>NBERW2410</controlfield>
      <controlfield tag='003'>NBER</controlfield>
      <controlfield tag='005'>20070904034707.0</controlfield>
      <datafield ind1='1' ind2=' ' tag='100'>
        <subfield code='a'>Aizenman, Joshua.</subfield>
      </datafield>
      <datafield ind1='1' ind2='0' tag='245'>
        <subfield code='a'>Investment, Openness, and Country Risk</subfield>
        <subfield code='h'>[electronic resource] /</subfield>
        <subfield code='c'>Joshua Aizenman.</subfield>
      </datafield>
      <datafield ind1=' ' ind2=' ' tag='260'>
        <subfield code='a'>Cambridge, Mass. :</subfield>
        <subfield code='b'>National Bureau of Economic Research,</subfield>
        <subfield code='c'>1990.</subfield>
      </datafield>
      <datafield ind1=' ' ind2=' ' tag='500'>
        <subfield code='a'>March 1990.</subfield>
      </datafield>
      <datafield ind1='1' ind2=' ' tag='506'>
        <subfield code='a'>Access limited to UNC Chapel Hill-authenticated users.</subfield>
        <subfield code='f'>Unlimited simultaneous users</subfield>
      </datafield>
      <datafield ind1=' ' ind2=' ' tag='520'>
        <subfield code='a'>The purpose of this study is to draw attention to the linkages between country risk and the openness of an economy, and to demonstrate that in the long run the openness of an economy is endogenously determined by the interaction between endowments and policies. The presence of country risk poses a problem for the smooth operation of international credit markets: the ex-ante first best policy is for countries to pre-commit themselves to no-default policies. Such a commitment, however, may not be credible because it may not be the optimal ex-post policy. This suggests a special role for policies leading towards investment in openness - as a way to increase the credibility of a no- default commitment. The paper studies the optimal implementation of these policies. Our analysis demonstrates that a rise in country risk is associated with more frequent defaults and consequently with a lower level of investment. The resultant drop in investment is larger in activities with greater reliance on international trade The presence of country risk is shown to introduce a distortion, calling for financial policies in the form of a tax on consumption borrowing and a different tax on investment borrowing. The optimal investment borrowing tax balances two effects: the aggregate indebtedness and the openness effects. The stronger the openness effect, the lower the optimal investment borrowing tax; and if this effect dominates, the optimal policy is in the form of an investment subsidy. A final topic of our analysis is a study of the nature of country risk in the presence of equity finance. We demonstrate that swapping nominal debt with equities may have useful consequences for reducing country risk, but it cannot eliminate the fundamental problems associated with international credit.</subfield>
      </datafield>
      <datafield ind1=' ' ind2=' ' tag='538'>
        <subfield code='a'>System requirements: Adobe [Acrobat] Reader required for PDF files.</subfield>
      </datafield>
      <datafield ind1=' ' ind2=' ' tag='538'>
        <subfield code='a'>Mode of access: World Wide Web.</subfield>
      </datafield>
      <datafield ind1='2' ind2=' ' tag='710'>
        <subfield code='a'>National Bureau of Economic Research.</subfield>
      </datafield>
      <datafield ind1='0' ind2=' ' tag='773'>
        <subfield code='t'>National Bureau of Economic Research (NBER) working papers (online collection)</subfield>
      </datafield>
      <datafield ind1=' ' ind2='0' tag='830'>
        <subfield code='a'>Working paper series (National Bureau of Economic Research : Online) ;</subfield>
        <subfield code='v'>working paper no. 2410.</subfield>
      </datafield>
      <datafield ind1='4' ind2='0' tag='856'>
        <subfield code='u'>http://libproxy.lib.unc.edu/login?url=http://www.nber.org/papers/W2410</subfield>
        <subfield code='y'>Full text available via the UNC-Chapel Hill Libraries</subfield>
        <subfield code='x'>NBER electronic working paper</subfield>
      </datafield>
      <datafield ind1=' ' ind2=' ' tag='907'>
        <subfield code='a'>b5275058</subfield>
      </datafield>
  </record>