
  <record>
    <leader>00000cam  2200277 a 4500</leader>
      <controlfield tag='008'>880201s1986    enka     b    001 0 eng d</controlfield>
      <controlfield tag='001'>13670265</controlfield>
      <controlfield tag='005'>19880201000000.0</controlfield>
      <datafield ind1=' ' ind2=' ' tag='015'>
        <subfield code='a'>GB86-14291</subfield>
      </datafield>
      <datafield ind1=' ' ind2=' ' tag='020'>
        <subfield code='a'>0860781909 :</subfield>
        <subfield code='c'>£30.00 : CIP confirmed</subfield>
      </datafield>
      <datafield ind1=' ' ind2=' ' tag='040'>
        <subfield code='a'>UKM</subfield>
        <subfield code='c'>UKM</subfield>
        <subfield code='d'>NOC</subfield>
      </datafield>
      <datafield ind1=' ' ind2=' ' tag='043'>
        <subfield code='a'>mm-----</subfield>
      </datafield>
      <datafield ind1='1' ind2=' ' tag='050'>
        <subfield code='a'>DF609</subfield>
      </datafield>
      <datafield ind1='0' ind2=' ' tag='082'>
        <subfield code='a'>949.5/04</subfield>
        <subfield code='2'>19</subfield>
      </datafield>
      <datafield ind1='1' ind2=' ' tag='100'>
        <subfield code='a'>Nicol, Donald MacGillivray.</subfield>
      </datafield>
      <datafield ind1='1' ind2='0' tag='245'>
        <subfield code='a'>Studies in late Byzantine history and prosopography /</subfield>
        <subfield code='c'>Donald M. Nicol.</subfield>
      </datafield>
      <datafield ind1=' ' ind2=' ' tag='260'>
        <subfield code='a'>London :</subfield>
        <subfield code='b'>Variorum Reprints,</subfield>
        <subfield code='c'>1986.</subfield>
      </datafield>
      <datafield ind1=' ' ind2=' ' tag='300'>
        <subfield code='a'>[330] p. :</subfield>
        <subfield code='b'>ill. ;</subfield>
        <subfield code='c'>23 cm.</subfield>
      </datafield>
      <datafield ind1=' ' ind2=' ' tag='504'>
        <subfield code='a'>Includes bibliographical references and index.</subfield>
      </datafield>
      <datafield ind1=' ' ind2='0' tag='650'>
        <subfield code='a'>Prosopography</subfield>
        <subfield code='z'>Byzantine Empire.</subfield>
      </datafield>
      <datafield ind1=' ' ind2='0' tag='651'>
        <subfield code='a'>Byzantine Empire</subfield>
        <subfield code='x'>History.</subfield>
      </datafield>
      <datafield ind1=' ' ind2='0' tag='830'>
        <subfield code='a'>Collected studies ;</subfield>
        <subfield code='v'>CS242.</subfield>
      </datafield>
      <datafield ind1=' ' ind2=' ' tag='907'>
        <subfield code='a'>b2119400</subfield>
      </datafield>
      <datafield ind1='9' ind2='1' tag='999'>
        <subfield code='i'>i3061761</subfield>
        <subfield code='l'>trln</subfield>
        <subfield code='s'>-</subfield>
        <subfield code='t'>0</subfield>
        <subfield code='c'>1</subfield>
        <subfield code='o'>3</subfield>
        <subfield code='b'>00004184910</subfield>
        <subfield code='p'>090</subfield>
        <subfield code='q'>|aDF609 .N53 1986</subfield>
      </datafield>
  </record>