
  <record>
    <leader>00000cam  2200313 a 4500</leader>
      <controlfield tag='008'>920131s1996    caua     b    001 0 eng  </controlfield>
      <controlfield tag='001'>25410293</controlfield>
      <controlfield tag='005'>19970113120036.0</controlfield>
      <datafield ind1=' ' ind2=' ' tag='010'>
        <subfield code='a'>92005027</subfield>
      </datafield>
      <datafield ind1=' ' ind2=' ' tag='020'>
        <subfield code='a'>0929497554</subfield>
      </datafield>
      <datafield ind1=' ' ind2=' ' tag='040'>
        <subfield code='a'>DLC</subfield>
        <subfield code='c'>DLC</subfield>
        <subfield code='d'>NOC</subfield>
      </datafield>
      <datafield ind1='1' ind2=' ' tag='041'>
        <subfield code='a'>eng</subfield>
        <subfield code='h'>ger</subfield>
      </datafield>
      <datafield ind1='0' ind2='0' tag='050'>
        <subfield code='a'>PT2639.O93</subfield>
        <subfield code='b'>A25 1996</subfield>
      </datafield>
      <datafield ind1='0' ind2='0' tag='082'>
        <subfield code='a'>832/912</subfield>
        <subfield code='2'>20</subfield>
      </datafield>
      <datafield ind1='1' ind2=' ' tag='100'>
        <subfield code='a'>Soyfer, Jura,</subfield>
        <subfield code='d'>1912-1939.</subfield>
      </datafield>
      <datafield ind1='0' ind2='0' tag='240'>
        <subfield code='a'>Works.</subfield>
        <subfield code='k'>Selections.</subfield>
        <subfield code='l'>English.</subfield>
        <subfield code='f'>1996</subfield>
      </datafield>
      <datafield ind1='1' ind2='0' tag='245'>
        <subfield code='a'>It&apos;s up to us! :</subfield>
        <subfield code='b'>collected works of Jura Soyfer /</subfield>
        <subfield code='c'>edited, translated, and with an afterword by Horst Jarka ; preface by Harry Zohn.</subfield>
      </datafield>
      <datafield ind1='3' ind2=' ' tag='246'>
        <subfield code='a'>It is up to us!</subfield>
      </datafield>
      <datafield ind1=' ' ind2=' ' tag='260'>
        <subfield code='a'>Riverside, CA :</subfield>
        <subfield code='b'>Ariadne Press,</subfield>
        <subfield code='c'>c1996.</subfield>
      </datafield>
      <datafield ind1=' ' ind2=' ' tag='300'>
        <subfield code='a'>593 p. :</subfield>
        <subfield code='b'>ill. ;</subfield>
        <subfield code='c'>23 cm.</subfield>
      </datafield>
      <datafield ind1=' ' ind2=' ' tag='504'>
        <subfield code='a'>Includes bibliographical references (p. 587-589) and index.</subfield>
      </datafield>
      <datafield ind1='1' ind2='0' tag='600'>
        <subfield code='a'>Soyfer, Jura,</subfield>
        <subfield code='d'>1912-1939</subfield>
        <subfield code='v'>Translations into English.</subfield>
      </datafield>
      <datafield ind1='1' ind2=' ' tag='700'>
        <subfield code='a'>Jarka, Horst.</subfield>
      </datafield>
      <datafield ind1=' ' ind2='0' tag='830'>
        <subfield code='a'>Studies in Austrian literature, culture, and thought.</subfield>
        <subfield code='p'>Translation series.</subfield>
      </datafield>
      <datafield ind1=' ' ind2=' ' tag='907'>
        <subfield code='a'>b2973311</subfield>
      </datafield>
      <datafield ind1='9' ind2='1' tag='999'>
        <subfield code='i'>i4231422</subfield>
        <subfield code='l'>ddda</subfield>
        <subfield code='s'>-</subfield>
        <subfield code='t'>0</subfield>
        <subfield code='c'>1</subfield>
        <subfield code='o'>0</subfield>
        <subfield code='b'>00009620467</subfield>
        <subfield code='p'>090</subfield>
        <subfield code='q'>|aPT2639.O93 A25 1996</subfield>
      </datafield>
  </record>