
  <record>
    <leader>00000nam  22003498a 4500</leader>
      <controlfield tag='006'>m||||||||d |||||||</controlfield>
      <controlfield tag='008'>090408s2001||||enk     o     ||1 0|eng|d</controlfield>
      <controlfield tag='007'>cr |||||||||||</controlfield>
      <controlfield tag='001'>CR9780511528545</controlfield>
      <controlfield tag='003'>UkCbUP</controlfield>
      <controlfield tag='005'>20120618050305.0</controlfield>
      <datafield ind1=' ' ind2=' ' tag='020'>
        <subfield code='a'>9780511528545 (ebook)</subfield>
      </datafield>
      <datafield ind1=' ' ind2=' ' tag='020'>
        <subfield code='z'>9780521662444 (hardback)</subfield>
      </datafield>
      <datafield ind1=' ' ind2=' ' tag='040'>
        <subfield code='a'>UkCbUP</subfield>
        <subfield code='c'>UkCbUP</subfield>
      </datafield>
      <datafield ind1='0' ind2='0' tag='245'>
        <subfield code='a'>Demographic Change and Fiscal Policy</subfield>
        <subfield code='h'>[electronic resource]. /</subfield>
        <subfield code='c'>Edited by Alan J. Auerbach, Ronald D. Lee.</subfield>
      </datafield>
      <datafield ind1=' ' ind2=' ' tag='260'>
        <subfield code='a'>Cambridge :</subfield>
        <subfield code='b'>Cambridge University Press,</subfield>
        <subfield code='c'>2001</subfield>
      </datafield>
      <datafield ind1=' ' ind2=' ' tag='300'>
        <subfield code='a'>1 online resource (468 p.)</subfield>
      </datafield>
      <datafield ind1=' ' ind2=' ' tag='500'>
        <subfield code='a'>Title from publishers bibliographic system (viewed on 18 Jun 2012).</subfield>
      </datafield>
      <datafield ind1='1' ind2=' ' tag='506'>
        <subfield code='a'>Access limited to UNC Chapel Hill-authenticated users.</subfield>
        <subfield code='f'>Unlimited simultaneous users</subfield>
      </datafield>
      <datafield ind1=' ' ind2='0' tag='650'>
        <subfield code='a'>Population</subfield>
        <subfield code='x'>Economic aspects</subfield>
        <subfield code='v'>Congresses.</subfield>
      </datafield>
      <datafield ind1=' ' ind2='0' tag='650'>
        <subfield code='a'>Population forecasting</subfield>
        <subfield code='v'>Congresses.</subfield>
      </datafield>
      <datafield ind1=' ' ind2='0' tag='650'>
        <subfield code='a'>Fiscal policy</subfield>
        <subfield code='v'>Congresses.</subfield>
      </datafield>
      <datafield ind1=' ' ind2='0' tag='650'>
        <subfield code='a'>Transfer payments</subfield>
        <subfield code='v'>Congresses.</subfield>
      </datafield>
      <datafield ind1='1' ind2=' ' tag='700'>
        <subfield code='a'>Auerbach, Alan J.</subfield>
      </datafield>
      <datafield ind1='1' ind2=' ' tag='700'>
        <subfield code='a'>Lee, Ronald D.</subfield>
      </datafield>
      <datafield ind1='0' ind2=' ' tag='773'>
        <subfield code='t'>Cambridge University Press ebooks (online collection). 2012 retrospective</subfield>
      </datafield>
      <datafield ind1='0' ind2='8' tag='776'>
        <subfield code='i'>Print version:</subfield>
        <subfield code='z'>9780521662444</subfield>
      </datafield>
      <datafield ind1='4' ind2='0' tag='856'>
        <subfield code='y'>Full text available via the UNC-Chapel Hill Libraries</subfield>
        <subfield code='u'>http://libproxy.lib.unc.edu/login?url=http://dx.doi.org/10.1017/CBO9780511528545</subfield>
        <subfield code='x'>Cambridge University Press ebook</subfield>
      </datafield>
      <datafield ind1=' ' ind2=' ' tag='907'>
        <subfield code='a'>b7146726</subfield>
      </datafield>
  </record>