
  <record>
    <leader>00000cam  2200277 a 4500</leader>
      <controlfield tag='008'>811014s1980    gw       b    000 0bger  </controlfield>
      <controlfield tag='001'>7948453</controlfield>
      <controlfield tag='005'>19821123000000.0</controlfield>
      <datafield ind1=' ' ind2=' ' tag='010'>
        <subfield code='a'>81107592</subfield>
      </datafield>
      <datafield ind1=' ' ind2=' ' tag='015'>
        <subfield code='a'>GFR81-A</subfield>
      </datafield>
      <datafield ind1=' ' ind2=' ' tag='020'>
        <subfield code='a'>3416016084</subfield>
      </datafield>
      <datafield ind1=' ' ind2=' ' tag='040'>
        <subfield code='a'>DLC</subfield>
        <subfield code='c'>DLC</subfield>
        <subfield code='d'>NOC</subfield>
      </datafield>
      <datafield ind1='0' ind2=' ' tag='082'>
        <subfield code='a'>833/.7</subfield>
        <subfield code='a'>B</subfield>
        <subfield code='2'>19</subfield>
      </datafield>
      <datafield ind1='1' ind2=' ' tag='100'>
        <subfield code='a'>Altmann, Minna K.</subfield>
      </datafield>
      <datafield ind1='1' ind2='0' tag='245'>
        <subfield code='a'>Theodor Storm :</subfield>
        <subfield code='b'>das Persönlichkeitsbild in seinen Briefen /</subfield>
        <subfield code='c'>von Minna K. Altmann.</subfield>
      </datafield>
      <datafield ind1=' ' ind2=' ' tag='260'>
        <subfield code='a'>Bonn :</subfield>
        <subfield code='b'>Bouvier,</subfield>
        <subfield code='c'>1980.</subfield>
      </datafield>
      <datafield ind1=' ' ind2=' ' tag='300'>
        <subfield code='a'>188 p. ;</subfield>
        <subfield code='c'>23 cm.</subfield>
      </datafield>
      <datafield ind1=' ' ind2=' ' tag='500'>
        <subfield code='a'>Originally presented as the author&apos;s thesis (doctoral--City University of New York, 1979)</subfield>
      </datafield>
      <datafield ind1=' ' ind2=' ' tag='504'>
        <subfield code='a'>Bibliography: p. 185-188.</subfield>
      </datafield>
      <datafield ind1='1' ind2='0' tag='600'>
        <subfield code='a'>Storm, Theodor,</subfield>
        <subfield code='d'>1817-1888</subfield>
        <subfield code='v'>Correspondence.</subfield>
      </datafield>
      <datafield ind1=' ' ind2='0' tag='650'>
        <subfield code='a'>Authors, German</subfield>
        <subfield code='y'>19th century</subfield>
        <subfield code='v'>Correspondence.</subfield>
      </datafield>
      <datafield ind1=' ' ind2='0' tag='830'>
        <subfield code='a'>Abhandlungen zur Kunst-, Musik- und Literaturwissenschaft ;</subfield>
        <subfield code='v'>Bd. 310.</subfield>
      </datafield>
      <datafield ind1=' ' ind2=' ' tag='907'>
        <subfield code='a'>b1795282</subfield>
      </datafield>
      <datafield ind1='9' ind2='1' tag='999'>
        <subfield code='i'>i2589325</subfield>
        <subfield code='l'>ddda</subfield>
        <subfield code='s'>-</subfield>
        <subfield code='t'>0</subfield>
        <subfield code='c'>1</subfield>
        <subfield code='o'>1</subfield>
        <subfield code='b'>00001532540</subfield>
        <subfield code='p'>090</subfield>
        <subfield code='q'>|aPT2528.Z4 A4 1980</subfield>
      </datafield>
  </record>