
  <record>
    <leader>00000cam  2200253Ia 4500</leader>
      <controlfield tag='008'>991109s1999    dcu      b    000 0 eng d</controlfield>
      <controlfield tag='001'>42790316</controlfield>
      <controlfield tag='005'>19991130080202.0</controlfield>
      <datafield ind1=' ' ind2=' ' tag='040'>
        <subfield code='a'>VRL</subfield>
        <subfield code='c'>VRL</subfield>
        <subfield code='d'>NDO</subfield>
      </datafield>
      <datafield ind1='1' ind2=' ' tag='100'>
        <subfield code='a'>Serbaroli, Francis J.</subfield>
      </datafield>
      <datafield ind1='1' ind2='4' tag='245'>
        <subfield code='a'>The corporate practice of medicine prohibition in the modern era of health care /</subfield>
        <subfield code='c'>by Francis J. Serbaroli.</subfield>
      </datafield>
      <datafield ind1='1' ind2='0' tag='246'>
        <subfield code='a'>Medicine prohibition in the modern era of health care</subfield>
      </datafield>
      <datafield ind1=' ' ind2=' ' tag='260'>
        <subfield code='a'>[Washington, D.C.] :</subfield>
        <subfield code='b'>Bureau of National Affairs,</subfield>
        <subfield code='c'>1999.</subfield>
      </datafield>
      <datafield ind1=' ' ind2=' ' tag='300'>
        <subfield code='a'>1 v. (various pagings) ;</subfield>
        <subfield code='c'>28 cm.</subfield>
      </datafield>
      <datafield ind1=' ' ind2=' ' tag='504'>
        <subfield code='a'>Includes bibliographical references.</subfield>
      </datafield>
      <datafield ind1=' ' ind2='0' tag='650'>
        <subfield code='a'>Medical corporations</subfield>
        <subfield code='z'>United States.</subfield>
      </datafield>
      <datafield ind1='2' ind2=' ' tag='710'>
        <subfield code='a'>Bureau of National Affairs (Arlington, Va.)</subfield>
      </datafield>
      <datafield ind1=' ' ind2='0' tag='830'>
        <subfield code='a'>BNA&apos;s health law &amp; business series ;</subfield>
        <subfield code='v'>no. 2800.</subfield>
      </datafield>
      <datafield ind1=' ' ind2=' ' tag='907'>
        <subfield code='a'>b3280084</subfield>
      </datafield>
      <datafield ind1='9' ind2='1' tag='999'>
        <subfield code='i'>i4659193</subfield>
        <subfield code='l'>ksta</subfield>
        <subfield code='s'>-</subfield>
        <subfield code='t'>0</subfield>
        <subfield code='c'>1</subfield>
        <subfield code='o'>1</subfield>
        <subfield code='b'>L00270482N</subfield>
        <subfield code='p'>090</subfield>
        <subfield code='q'>|aKF3825.Z9 B56 no. 2800</subfield>
      </datafield>
  </record>