
  <record>
    <leader>00000cam a22003494a 4500</leader>
      <controlfield tag='008'>041105s2004    sp       b    000 0 spa  </controlfield>
      <controlfield tag='001'>57059571</controlfield>
      <controlfield tag='003'>OCoLC</controlfield>
      <controlfield tag='005'>20061109025506.0</controlfield>
      <datafield ind1=' ' ind2=' ' tag='010'>
        <subfield code='a'>2006362395</subfield>
      </datafield>
      <datafield ind1=' ' ind2=' ' tag='020'>
        <subfield code='a'>8495427168</subfield>
      </datafield>
      <datafield ind1=' ' ind2=' ' tag='035'>
        <subfield code='a'>(OCoLC)57059571</subfield>
      </datafield>
      <datafield ind1=' ' ind2=' ' tag='035'>
        <subfield code='a'>(OCoLC)57059571</subfield>
      </datafield>
      <datafield ind1=' ' ind2=' ' tag='040'>
        <subfield code='a'>DLC</subfield>
        <subfield code='c'>DLC</subfield>
        <subfield code='d'>PL#</subfield>
        <subfield code='d'>INU</subfield>
        <subfield code='d'>NDD</subfield>
        <subfield code='d'>IXA</subfield>
        <subfield code='d'>NOC</subfield>
      </datafield>
      <datafield ind1=' ' ind2=' ' tag='042'>
        <subfield code='a'>pcc</subfield>
      </datafield>
      <datafield ind1=' ' ind2=' ' tag='049'>
        <subfield code='a'>NOCC</subfield>
      </datafield>
      <datafield ind1='0' ind2='0' tag='050'>
        <subfield code='a'>PQ6438</subfield>
        <subfield code='b'>.A3 2004</subfield>
      </datafield>
      <datafield ind1='1' ind2=' ' tag='100'>
        <subfield code='a'>Vega, Lope de,</subfield>
        <subfield code='d'>1562-1635.</subfield>
      </datafield>
      <datafield ind1='1' ind2='0' tag='240'>
        <subfield code='a'>Works.</subfield>
        <subfield code='k'>Selections.</subfield>
        <subfield code='f'>2004</subfield>
      </datafield>
      <datafield ind1='1' ind2='0' tag='245'>
        <subfield code='a'>Lope de Vega /</subfield>
        <subfield code='c'>edición y estudio, Azucena Penas Ibáñez.</subfield>
      </datafield>
      <datafield ind1=' ' ind2=' ' tag='250'>
        <subfield code='a'>1. ed.</subfield>
      </datafield>
      <datafield ind1=' ' ind2=' ' tag='260'>
        <subfield code='a'>Madrid :</subfield>
        <subfield code='b'>Ediciones Eneida,</subfield>
        <subfield code='c'>2004.</subfield>
      </datafield>
      <datafield ind1=' ' ind2=' ' tag='300'>
        <subfield code='a'>142 p. ;</subfield>
        <subfield code='c'>19 cm.</subfield>
      </datafield>
      <datafield ind1=' ' ind2=' ' tag='504'>
        <subfield code='a'>Includes bibliographical references (p. 135-142).</subfield>
      </datafield>
      <datafield ind1='1' ind2='0' tag='600'>
        <subfield code='a'>Vega, Lope de,</subfield>
        <subfield code='d'>1562-1635</subfield>
        <subfield code='x'>Criticism and interpretation.</subfield>
      </datafield>
      <datafield ind1='1' ind2=' ' tag='700'>
        <subfield code='a'>Penas Ibáñez, María Azucena.</subfield>
      </datafield>
      <datafield ind1=' ' ind2='0' tag='830'>
        <subfield code='a'>Colección Semblanzas (Madrid, Spain) ;</subfield>
        <subfield code='v'>17.</subfield>
      </datafield>
      <datafield ind1=' ' ind2=' ' tag='907'>
        <subfield code='a'>b4732040</subfield>
      </datafield>
      <datafield ind1='9' ind2='1' tag='999'>
        <subfield code='i'>i6507704</subfield>
        <subfield code='l'>ddda</subfield>
        <subfield code='s'>-</subfield>
        <subfield code='t'>0</subfield>
        <subfield code='c'>1</subfield>
        <subfield code='o'>4</subfield>
        <subfield code='b'>00027203464</subfield>
        <subfield code='p'>050</subfield>
        <subfield code='q'>|aPQ6438|b.A3 2004</subfield>
      </datafield>
  </record>