
  <record>
    <leader>00000cam  2200193 a 4500</leader>
      <controlfield tag='008'>980521s1999    nbu          s000 1 eng  </controlfield>
      <controlfield tag='001'>39195306</controlfield>
      <controlfield tag='005'>19990329110442.0</controlfield>
      <datafield ind1=' ' ind2=' ' tag='010'>
        <subfield code='a'>98019283</subfield>
      </datafield>
      <datafield ind1=' ' ind2=' ' tag='020'>
        <subfield code='a'>0803210523</subfield>
      </datafield>
      <datafield ind1=' ' ind2=' ' tag='040'>
        <subfield code='a'>DLC</subfield>
        <subfield code='c'>DLC</subfield>
        <subfield code='d'>NOC</subfield>
      </datafield>
      <datafield ind1='0' ind2='0' tag='050'>
        <subfield code='a'>PS3501.L378</subfield>
        <subfield code='b'>A6 1999</subfield>
      </datafield>
      <datafield ind1='0' ind2='0' tag='082'>
        <subfield code='a'>813/.52</subfield>
        <subfield code='2'>21</subfield>
      </datafield>
      <datafield ind1='1' ind2=' ' tag='100'>
        <subfield code='a'>Aldrich, Bess Streeter,</subfield>
        <subfield code='d'>1881-1954.</subfield>
      </datafield>
      <datafield ind1='1' ind2='0' tag='240'>
        <subfield code='a'>Short stories.</subfield>
        <subfield code='k'>Selections</subfield>
      </datafield>
      <datafield ind1='1' ind2='4' tag='245'>
        <subfield code='a'>The collected short works, 1920-1954 /</subfield>
        <subfield code='c'>Bess Streeter Aldrich ; edited and introduced by Carol Miles Petersen.</subfield>
      </datafield>
      <datafield ind1=' ' ind2=' ' tag='260'>
        <subfield code='a'>Lincoln :</subfield>
        <subfield code='b'>University of Nebraska Press,</subfield>
        <subfield code='c'>c1999.</subfield>
      </datafield>
      <datafield ind1=' ' ind2=' ' tag='300'>
        <subfield code='a'>xvi, 321 p. ;</subfield>
        <subfield code='c'>24 cm.</subfield>
      </datafield>
      <datafield ind1='1' ind2=' ' tag='700'>
        <subfield code='a'>Petersen, Carol Miles,</subfield>
        <subfield code='d'>1930-</subfield>
      </datafield>
      <datafield ind1=' ' ind2=' ' tag='907'>
        <subfield code='a'>b3213947</subfield>
      </datafield>
      <datafield ind1='9' ind2='1' tag='999'>
        <subfield code='i'>i4565411</subfield>
        <subfield code='l'>ddda</subfield>
        <subfield code='s'>-</subfield>
        <subfield code='t'>0</subfield>
        <subfield code='c'>1</subfield>
        <subfield code='o'>1</subfield>
        <subfield code='b'>00016424200</subfield>
        <subfield code='p'>090</subfield>
        <subfield code='q'>|aPS3501.L378 A6 1999</subfield>
      </datafield>
  </record>