
  <record>
    <leader>00000cam  2200217   4500</leader>
      <controlfield tag='008'>730522s1973    ilu           000 0 eng  </controlfield>
      <controlfield tag='001'>640867</controlfield>
      <controlfield tag='005'>19850409000000.0</controlfield>
      <datafield ind1=' ' ind2=' ' tag='010'>
        <subfield code='a'>73008785 //r74</subfield>
      </datafield>
      <datafield ind1=' ' ind2=' ' tag='020'>
        <subfield code='a'>0838931464</subfield>
      </datafield>
      <datafield ind1=' ' ind2=' ' tag='040'>
        <subfield code='a'>DLC</subfield>
        <subfield code='c'>DLC</subfield>
        <subfield code='d'>m.c.</subfield>
        <subfield code='d'>NOC</subfield>
      </datafield>
      <datafield ind1=' ' ind2=' ' tag='082'>
        <subfield code='a'>023/.7</subfield>
      </datafield>
      <datafield ind1='1' ind2=' ' tag='100'>
        <subfield code='a'>Case, Robert N.,</subfield>
        <subfield code='d'>1931-</subfield>
      </datafield>
      <datafield ind1='1' ind2='0' tag='245'>
        <subfield code='a'>Behavioral requirements analysis checklist;</subfield>
        <subfield code='b'>a compilation of competency-based job functions and task statements for school library media personnel</subfield>
        <subfield code='c'>[by] Robert N. Case [and] Anna Mary Lowrey.</subfield>
      </datafield>
      <datafield ind1=' ' ind2=' ' tag='260'>
        <subfield code='a'>[Chicago,</subfield>
        <subfield code='b'>American Library Association]</subfield>
        <subfield code='c'>1973.</subfield>
      </datafield>
      <datafield ind1=' ' ind2=' ' tag='300'>
        <subfield code='a'>xi, 60 p.</subfield>
        <subfield code='c'>23 cm.</subfield>
      </datafield>
      <datafield ind1=' ' ind2=' ' tag='500'>
        <subfield code='a'>Information resulting from phase II of the School Library Manpower Project.</subfield>
      </datafield>
      <datafield ind1=' ' ind2='0' tag='650'>
        <subfield code='a'>School libraries</subfield>
        <subfield code='v'>Job descriptions.</subfield>
      </datafield>
      <datafield ind1=' ' ind2='0' tag='650'>
        <subfield code='a'>Instructional materials personnel</subfield>
        <subfield code='v'>Job descriptions.</subfield>
      </datafield>
      <datafield ind1='1' ind2=' ' tag='700'>
        <subfield code='a'>Lowrey, Anna Mary.</subfield>
      </datafield>
      <datafield ind1='2' ind2=' ' tag='710'>
        <subfield code='a'>School Library Manpower Project.</subfield>
      </datafield>
      <datafield ind1=' ' ind2=' ' tag='907'>
        <subfield code='a'>b1155518</subfield>
      </datafield>
      <datafield ind1='9' ind2='1' tag='999'>
        <subfield code='i'>i1277535</subfield>
        <subfield code='l'>llda</subfield>
        <subfield code='s'>-</subfield>
        <subfield code='t'>0</subfield>
        <subfield code='c'>1</subfield>
        <subfield code='o'>0</subfield>
        <subfield code='b'>00012820423</subfield>
        <subfield code='p'>090</subfield>
        <subfield code='q'>|aZ675.S3 C26</subfield>
      </datafield>
  </record>