
  <record>
    <leader>00000nam  2200253 i 4500</leader>
      <controlfield tag='008'>780420m1973    ncua     b   f000 0 eng d</controlfield>
      <controlfield tag='001'>3826760</controlfield>
      <datafield ind1=' ' ind2=' ' tag='035'>
        <subfield code='a'>(GPO)78012819</subfield>
      </datafield>
      <datafield ind1=' ' ind2=' ' tag='037'>
        <subfield code='b'>5285 Port Royal Rd., 22161</subfield>
      </datafield>
      <datafield ind1=' ' ind2=' ' tag='040'>
        <subfield code='c'>GPO</subfield>
        <subfield code='d'>MvI-ran</subfield>
        <subfield code='d'>MvI-ran</subfield>
        <subfield code='d'>MvI-itd</subfield>
      </datafield>
      <datafield ind1='0' ind2=' ' tag='086'>
        <subfield code='a'>EP 1.2:Em 4/17/v.1</subfield>
      </datafield>
      <datafield ind1='0' ind2='0' tag='245'>
        <subfield code='a'>Weighted sensitivity analysis of emissions data /</subfield>
        <subfield code='c'>F.H. Ditto ...</subfield>
      </datafield>
      <datafield ind1=' ' ind2=' ' tag='260'>
        <subfield code='a'>Research Triangle Park, N.C. :</subfield>
        <subfield code='b'>Environmental Protection Agency, Office of Air and Water Programs, Office of Air Quality Planning and Standards ;</subfield>
        <subfield code='a'>Springfield, Va. :</subfield>
        <subfield code='b'>for sale by the National Technical Information Service,</subfield>
        <subfield code='c'>1973.</subfield>
      </datafield>
      <datafield ind1=' ' ind2=' ' tag='300'>
        <subfield code='a'>v. :</subfield>
        <subfield code='b'>ill. ;</subfield>
        <subfield code='c'>28 cm.</subfield>
      </datafield>
      <datafield ind1=' ' ind2=' ' tag='500'>
        <subfield code='a'>Contract 68-01-0398.</subfield>
      </datafield>
      <datafield ind1=' ' ind2=' ' tag='500'>
        <subfield code='a'>Issued July 1973.</subfield>
      </datafield>
      <datafield ind1=' ' ind2=' ' tag='504'>
        <subfield code='a'>Includes bibliographical references.</subfield>
      </datafield>
      <datafield ind1='0' ind2=' ' tag='505'>
        <subfield code='a'>v. 1. Background and theory.</subfield>
      </datafield>
      <datafield ind1=' ' ind2='0' tag='650'>
        <subfield code='a'>Air</subfield>
        <subfield code='x'>Pollution</subfield>
        <subfield code='x'>Data processing.</subfield>
      </datafield>
      <datafield ind1='1' ind2=' ' tag='700'>
        <subfield code='a'>Ditto, F. H.</subfield>
      </datafield>
      <datafield ind1='1' ind2=' ' tag='710'>
        <subfield code='a'>United States.</subfield>
        <subfield code='b'>Environmental Protection Agency.</subfield>
        <subfield code='b'>Office of Air Quality Planning and Standards.</subfield>
      </datafield>
      <datafield ind1=' ' ind2=' ' tag='907'>
        <subfield code='a'>b3482542</subfield>
      </datafield>
      <datafield ind1='9' ind2='1' tag='999'>
        <subfield code='i'>i4909559</subfield>
        <subfield code='l'>dcpf</subfield>
        <subfield code='s'>-</subfield>
        <subfield code='t'>20</subfield>
        <subfield code='c'>1</subfield>
        <subfield code='o'>0</subfield>
        <subfield code='b'>HAZU-0670-00001</subfield>
        <subfield code='p'>086</subfield>
        <subfield code='q'>|aEP 1.2:Em 4/17/v.1</subfield>
      </datafield>
  </record>