
  <record>
    <leader>00000cam  2200481 a 4500</leader>
      <controlfield tag='008'>061109s2006    onc      b    000 m eng  </controlfield>
      <controlfield tag='001'>68401841</controlfield>
      <controlfield tag='003'>OCoLC</controlfield>
      <controlfield tag='005'>20070919044814.2</controlfield>
      <datafield ind1=' ' ind2=' ' tag='010'>
        <subfield code='a'>2006284313</subfield>
      </datafield>
      <datafield ind1=' ' ind2=' ' tag='016'>
        <subfield code='a'>20069023492</subfield>
      </datafield>
      <datafield ind1=' ' ind2=' ' tag='020'>
        <subfield code='a'>1551114860 (pbk.)</subfield>
      </datafield>
      <datafield ind1=' ' ind2=' ' tag='020'>
        <subfield code='a'>9781551114866 (pbk.)</subfield>
      </datafield>
      <datafield ind1=' ' ind2=' ' tag='035'>
        <subfield code='a'>(OCoLC)68401841</subfield>
      </datafield>
      <datafield ind1=' ' ind2=' ' tag='040'>
        <subfield code='a'>NLC</subfield>
        <subfield code='c'>NLC</subfield>
        <subfield code='d'>DLC</subfield>
        <subfield code='d'>BAKER</subfield>
        <subfield code='d'>YDXCP</subfield>
        <subfield code='d'>VP@</subfield>
        <subfield code='d'>UUS</subfield>
        <subfield code='d'>BTCTA</subfield>
      </datafield>
      <datafield ind1=' ' ind2=' ' tag='042'>
        <subfield code='a'>lccopycat</subfield>
      </datafield>
      <datafield ind1=' ' ind2=' ' tag='043'>
        <subfield code='a'>n-cn---</subfield>
      </datafield>
      <datafield ind1=' ' ind2=' ' tag='049'>
        <subfield code='a'>BTCT</subfield>
      </datafield>
      <datafield ind1='0' ind2='0' tag='050'>
        <subfield code='a'>HQ18.C2</subfield>
        <subfield code='b'>S47 2006</subfield>
      </datafield>
      <datafield ind1='0' ind2='2' tag='055'>
        <subfield code='a'>HQ18*</subfield>
      </datafield>
      <datafield ind1=' ' ind2='0' tag='055'>
        <subfield code='a'>HQ18 C2</subfield>
        <subfield code='b'>S485 2006</subfield>
      </datafield>
      <datafield ind1='0' ind2='0' tag='055'>
        <subfield code='a'>HQ18 C2</subfield>
        <subfield code='b'>S485 2006</subfield>
      </datafield>
      <datafield ind1='0' ind2='0' tag='082'>
        <subfield code='a'>306.70971</subfield>
        <subfield code='2'>22</subfield>
      </datafield>
      <datafield ind1='0' ind2='0' tag='245'>
        <subfield code='a'>Sexing the maple :</subfield>
        <subfield code='b'>a Canadian sourcebook /</subfield>
        <subfield code='c'>edited by Richard Cavell and Peter Dickinson.</subfield>
      </datafield>
      <datafield ind1=' ' ind2=' ' tag='260'>
        <subfield code='a'>Peterborough, Ont. :</subfield>
        <subfield code='b'>Broadview Press,</subfield>
        <subfield code='c'>c2006.</subfield>
      </datafield>
      <datafield ind1=' ' ind2=' ' tag='300'>
        <subfield code='a'>xliii, 481 p. ;</subfield>
        <subfield code='c'>23 cm.</subfield>
      </datafield>
      <datafield ind1=' ' ind2=' ' tag='504'>
        <subfield code='a'>Includes bibliographical references (p. 479-481).</subfield>
      </datafield>
      <datafield ind1='0' ind2=' ' tag='505'>
        <subfield code='a'>[I]. Sex and the family. Family furnishings / Alice Munro ; Just like my dad / Ivan E. Coyote ; Excerpt from Etiquette in Canada / Gertrude Pringle ; Pure books on avoided subjects : pre-Freudian sexual ideas in Canada / Michael Bliss ; Families, private property, and the state : the Dionnes and the Toronto Stork Derby / Mariana Valverde -- [II]. Sex and media. The improved binoculars / Irving Layton ; Excerpt from Prozac Highway / Persimmon Blackridge ; Excerpt from Yellow pages : a catalogue of intentions / Nicole Markotic ; The future of sex / Marshall McLuhan, George B. Leonard ; Excerpt from Weird sex and snowshoes / Katherine Monk -- [III]. Sex and medicine. Stargaze / Derek McCormack ; Surgical diary / Trish Salah ; Proceed with care : final report of the Royal Commission on new reproductive technologies : summary and highlights / Patricia Baird, et al. ; Excerpt from As nature made him / John Colapinto -- [IV]. Sex and gender. On looking into Henry Moore / Dorothy Livesay ; The killer dyke and the lady / Jane Rule ; Excerpt from Ana historic / Daphne Marlatt ; Border crossing : on the edge / Lyndell Montgomery ; Representation and subjectivity : women as sexual objects / Roberta Hamilton -- [V]. Sex and race. Excerpt from Disappearing moon cafe / Sky Lee ; An/other country / Ian Iqbal Rashid ; Excerpt from Thunder through my veins : memories of a metis childhood / Gregory Scofield ; The regulation of first nation sexuality / Martin Cannon ; It was only a matter of passion : masculinity and sexual danger / Karen Dubinsky, Adam Givertz -- [VI]. Sex and religion. Excerpt from Not wanted on the voyage / Timothy Findley ; Beautiful losers / Leonard Cohen ; Excerpt from The handmaid&apos;s tale / Margaret Atwood ; Sacred sex : the United Church and the privatization of the family in post-war Canada / Nancy Christie ; A broken trust : Canadian priests, brothers, pedophilia, and the media / Iain A.G. Barrie -- [VII]. Sex and the law. Excerpt from The pornographer&apos;s poem / Michael Turner ; Excerpt from Paul&apos;s case / Lynn Crosbie ; Detained at customs : Jane Rule testifies at the Little Sister&apos;s trial / Jane Rule ; These things may lead to the tragedy of our species : the emergence of homosexuality, lesbianism, and heterosexuality in Canada / Gary Kinsman ; Excerpt from On kiddie porn / Stan Persky, John Dixon.</subfield>
      </datafield>
      <datafield ind1=' ' ind2='0' tag='650'>
        <subfield code='a'>Sex</subfield>
        <subfield code='z'>Canada</subfield>
        <subfield code='x'>History.</subfield>
      </datafield>
      <datafield ind1=' ' ind2='0' tag='650'>
        <subfield code='a'>Sex</subfield>
        <subfield code='z'>Canada</subfield>
        <subfield code='v'>Literary collections.</subfield>
      </datafield>
      <datafield ind1='1' ind2=' ' tag='700'>
        <subfield code='a'>Dickinson, Peter,</subfield>
        <subfield code='d'>1968-</subfield>
      </datafield>
      <datafield ind1='1' ind2=' ' tag='700'>
        <subfield code='a'>Cavell, Richard,</subfield>
        <subfield code='d'>1949-</subfield>
      </datafield>
      <datafield ind1=' ' ind2=' ' tag='907'>
        <subfield code='a'>b5877725</subfield>
      </datafield>
      <datafield ind1='9' ind2='1' tag='999'>
        <subfield code='i'>i7658061</subfield>
        <subfield code='l'>ddda</subfield>
        <subfield code='s'>-</subfield>
        <subfield code='t'>0</subfield>
        <subfield code='c'>1</subfield>
        <subfield code='o'>0</subfield>
        <subfield code='b'>00033881096</subfield>
        <subfield code='p'>050</subfield>
        <subfield code='q'>|aHQ18.C2|bS47 2006</subfield>
      </datafield>
  </record>