
  <record>
    <leader>00000nam a2200373 i 4500</leader>
      <controlfield tag='006'>m     o  d</controlfield>
      <controlfield tag='007'>cr  n</controlfield>
      <controlfield tag='008'>140613s2013    nyu|||||o|||||1|1|||eng d</controlfield>
      <controlfield tag='001'>sse0001254496</controlfield>
      <controlfield tag='003'>WaSeSS</controlfield>
      <controlfield tag='005'>20140807214704.0</controlfield>
      <datafield ind1=' ' ind2=' ' tag='020'>
        <subfield code='a'>9781450323918 (print)</subfield>
      </datafield>
      <datafield ind1=' ' ind2=' ' tag='040'>
        <subfield code='a'>WaSeSS</subfield>
        <subfield code='b'>eng</subfield>
        <subfield code='c'>WaSeSS</subfield>
        <subfield code='d'>WaSeSS</subfield>
      </datafield>
      <datafield ind1=' ' ind2='4' tag='050'>
        <subfield code='a'>G70.217.G46</subfield>
      </datafield>
      <datafield ind1='0' ind2='0' tag='245'>
        <subfield code='a'>GeoMM &apos;13</subfield>
        <subfield code='h'>[electronic resource] :</subfield>
        <subfield code='b'>proceedings of the 2nd International Workshop on Geotagging and its Applications in Multimedia : October 21, 2013, Barcelona, Spain /</subfield>
        <subfield code='c'>sponsored by ACM SIGMM.</subfield>
      </datafield>
      <datafield ind1='1' ind2=' ' tag='246'>
        <subfield code='a'>Geotagging and its applications in Multimedia &apos;13</subfield>
      </datafield>
      <datafield ind1='1' ind2=' ' tag='246'>
        <subfield code='a'>Proceedings of the 2nd ACM International Workshop on Geotagging and its Applications in Multimedia</subfield>
      </datafield>
      <datafield ind1='1' ind2=' ' tag='246'>
        <subfield code='a'>Proceedings of the 2nd Association for Computing Machinery International Workshop on Geotagging and its Applications in Multimedia</subfield>
      </datafield>
      <datafield ind1=' ' ind2=' ' tag='260'>
        <subfield code='a'>New York :</subfield>
        <subfield code='b'>ACM,</subfield>
        <subfield code='c'>2013.</subfield>
      </datafield>
      <datafield ind1=' ' ind2=' ' tag='300'>
        <subfield code='a'>1 online resource (1 online resource (36 pages))</subfield>
      </datafield>
      <datafield ind1=' ' ind2=' ' tag='500'>
        <subfield code='a'>&quot;Co-located with: ACM Multimedia 2013&quot;.</subfield>
      </datafield>
      <datafield ind1=' ' ind2=' ' tag='500'>
        <subfield code='a'>Includes index.</subfield>
      </datafield>
      <datafield ind1='1' ind2=' ' tag='506'>
        <subfield code='a'>Access limited to UNC Chapel Hill-authenticated users.</subfield>
        <subfield code='f'>Unlimited simultaneous users</subfield>
      </datafield>
      <datafield ind1=' ' ind2=' ' tag='588'>
        <subfield code='a'>Description based on: online resource; title from pdf title page (ACM Digital Library, viewed Jun. 13, 2014).</subfield>
      </datafield>
      <datafield ind1=' ' ind2='0' tag='650'>
        <subfield code='a'>Geospatial data</subfield>
        <subfield code='v'>Congresses.</subfield>
      </datafield>
      <datafield ind1=' ' ind2='0' tag='650'>
        <subfield code='a'>Multimedia systems</subfield>
        <subfield code='v'>Congresses.</subfield>
      </datafield>
      <datafield ind1='2' ind2=' ' tag='710'>
        <subfield code='a'>ACM Special Interest Group on Multimedia.</subfield>
      </datafield>
      <datafield ind1='2' ind2=' ' tag='711'>
        <subfield code='a'>ACM International Conference on Multimedia</subfield>
        <subfield code='d'>(2013 :</subfield>
        <subfield code='c'>Barcelona, Spain)</subfield>
      </datafield>
      <datafield ind1='0' ind2=' ' tag='773'>
        <subfield code='t'>ACM digital library ebooks (online collection). Subscribed</subfield>
      </datafield>
      <datafield ind1='0' ind2='8' tag='776'>
        <subfield code='i'>Print version:</subfield>
        <subfield code='t'>GeoMM &apos;13 : proceedings of the 2nd International Workshop on Geotagging and its Applications in Multimedia : October 21, 2013, Barcelona, Spain.</subfield>
        <subfield code='d'>New York : ACM, 2013</subfield>
        <subfield code='z'>9781450323918</subfield>
      </datafield>
      <datafield ind1='4' ind2='0' tag='856'>
        <subfield code='y'>Full text available via the UNC-Chapel Hill Libraries</subfield>
        <subfield code='u'>http://VB3LK7EB4T.search.serialssolutions.com/?V=1.0&amp;L=VB3LK7EB4T&amp;S=JCs&amp;C=TC0001254496&amp;T=marc</subfield>
        <subfield code='x'>ACM Digital Library</subfield>
      </datafield>
      <datafield ind1=' ' ind2='1' tag='907'>
        <subfield code='a'>b7893150</subfield>
      </datafield>
  </record>