
  <record>
    <leader>00000nam  2200229   4500</leader>
      <controlfield tag='008'>800410s1726    enk|||| a     00| ||eng d</controlfield>
      <controlfield tag='001'>M-ESTCT50069</controlfield>
      <controlfield tag='005'>19990802105954.0</controlfield>
      <datafield ind1=' ' ind2=' ' tag='040'>
        <subfield code='a'>Uk-ES</subfield>
        <subfield code='c'>Uk-ES</subfield>
        <subfield code='d'>CStRLIN</subfield>
        <subfield code='d'>ResP</subfield>
      </datafield>
      <datafield ind1='1' ind2=' ' tag='100'>
        <subfield code='a'>Dolins, Daniel,</subfield>
        <subfield code='c'>Sir,</subfield>
        <subfield code='d'>-1728.</subfield>
      </datafield>
      <datafield ind1='1' ind2='4' tag='245'>
        <subfield code='a'>The third charge of Sr. Daniel Dolins, Kt. to the grand-jury, and other juries of the county of Middlesex; at the general quarter-sessions of the peace held the sixth day of October, 1726. at Westminster-Hall. Printed at the desire of the Justices of the Peace for the county.</subfield>
      </datafield>
      <datafield ind1=' ' ind2=' ' tag='260'>
        <subfield code='a'>London :</subfield>
        <subfield code='b'>printed for John Chandler,</subfield>
        <subfield code='c'>1726.</subfield>
      </datafield>
      <datafield ind1=' ' ind2=' ' tag='300'>
        <subfield code='a'>v,[1],46p. ;</subfield>
        <subfield code='c'>4̕.</subfield>
      </datafield>
      <datafield ind1=' ' ind2=' ' tag='500'>
        <subfield code='a'>With press figures</subfield>
      </datafield>
      <datafield ind1=' ' ind2=' ' tag='533'>
        <subfield code='a'>Microfilm.</subfield>
        <subfield code='b'>Woodbridge, Conn. :</subfield>
        <subfield code='c'>Primary Source Media,</subfield>
        <subfield code='d'>1999.</subfield>
        <subfield code='e'>1 reel ; 35mm.</subfield>
        <subfield code='f'>(The Eighteenth Century ; reel 10173, no. 13).</subfield>
        <subfield code='7'>s1999    ctu  b</subfield>
      </datafield>
      <datafield ind1=' ' ind2='0' tag='830'>
        <subfield code='a'>Eighteenth century ;</subfield>
        <subfield code='v'>reel 10173, no. 13.</subfield>
      </datafield>
      <datafield ind1=' ' ind2=' ' tag='907'>
        <subfield code='a'>b3993852</subfield>
      </datafield>
      <datafield ind1='9' ind2='1' tag='999'>
        <subfield code='i'>i5495359</subfield>
        <subfield code='l'>dgdaa</subfield>
        <subfield code='s'>-</subfield>
        <subfield code='t'>28</subfield>
        <subfield code='c'>1</subfield>
        <subfield code='o'>0</subfield>
        <subfield code='b'>HBEK-3860-00001</subfield>
        <subfield code='p'>099</subfield>
        <subfield code='q'>|a1-2586 reel 10173, no. 13</subfield>
      </datafield>
  </record>