
  <record>
    <leader>00000cam  2200277 i 4500</leader>
      <controlfield tag='008'>751128r19761902nyua     b    000 1 eng  </controlfield>
      <controlfield tag='001'>3121373</controlfield>
      <controlfield tag='005'>19790630000000.0</controlfield>
      <datafield ind1=' ' ind2=' ' tag='010'>
        <subfield code='a'>75032201 /AC</subfield>
      </datafield>
      <datafield ind1=' ' ind2=' ' tag='020'>
        <subfield code='a'>0824023110 :</subfield>
        <subfield code='c'>$27.00</subfield>
      </datafield>
      <datafield ind1=' ' ind2=' ' tag='040'>
        <subfield code='a'>DLC</subfield>
        <subfield code='c'>DLC</subfield>
        <subfield code='d'>NOC</subfield>
      </datafield>
      <datafield ind1='0' ind2=' ' tag='050'>
        <subfield code='a'>PZ3.G7626</subfield>
        <subfield code='b'>Dr10</subfield>
        <subfield code='a'>PR4726</subfield>
      </datafield>
      <datafield ind1=' ' ind2=' ' tag='082'>
        <subfield code='a'>823/.8</subfield>
        <subfield code='a'>Fic</subfield>
      </datafield>
      <datafield ind1='1' ind2=' ' tag='100'>
        <subfield code='a'>Grahame, Kenneth,</subfield>
        <subfield code='d'>1859-1932.</subfield>
      </datafield>
      <datafield ind1='1' ind2='0' tag='245'>
        <subfield code='a'>Dream days /</subfield>
        <subfield code='c'>Kenneth Grahame ; with a pref. for the Garland ed. by Rowland L. Collins.</subfield>
      </datafield>
      <datafield ind1=' ' ind2=' ' tag='260'>
        <subfield code='a'>New York :</subfield>
        <subfield code='b'>Garland Pub.,</subfield>
        <subfield code='c'>1976.</subfield>
      </datafield>
      <datafield ind1=' ' ind2=' ' tag='300'>
        <subfield code='a'>viii, 227 p. :</subfield>
        <subfield code='b'>ill. ;</subfield>
        <subfield code='c'>21 cm.</subfield>
      </datafield>
      <datafield ind1=' ' ind2=' ' tag='500'>
        <subfield code='a'>Reprint of the 1902 ed. illustrated by Maxfield Parrish and published by J. Lane, London, New York; with new bibliography.</subfield>
      </datafield>
      <datafield ind1=' ' ind2=' ' tag='504'>
        <subfield code='a'>Bibliography: p. viii.</subfield>
      </datafield>
      <datafield ind1=' ' ind2=' ' tag='520'>
        <subfield code='a'>The adventures of five children growing up in rural England at the turn of the century.</subfield>
      </datafield>
      <datafield ind1='1' ind2=' ' tag='700'>
        <subfield code='a'>Parrish, Maxfield,</subfield>
        <subfield code='d'>1870-1966.</subfield>
      </datafield>
      <datafield ind1=' ' ind2='0' tag='830'>
        <subfield code='a'>Classics of children&apos;s literature, 1621-1932.</subfield>
      </datafield>
      <datafield ind1=' ' ind2=' ' tag='907'>
        <subfield code='a'>b1467320</subfield>
      </datafield>
      <datafield ind1='9' ind2='1' tag='999'>
        <subfield code='i'>i2056307</subfield>
        <subfield code='l'>trln</subfield>
        <subfield code='s'>-</subfield>
        <subfield code='t'>0</subfield>
        <subfield code='c'>1</subfield>
        <subfield code='o'>1</subfield>
        <subfield code='b'>10003062490</subfield>
        <subfield code='p'>090</subfield>
        <subfield code='q'>|aPR4726 .D7 1976</subfield>
      </datafield>
  </record>