
  <record>
    <leader>00000cam a2200277Ia 4500</leader>
      <controlfield tag='008'>021022s2002    cg            000 j fre d</controlfield>
      <controlfield tag='001'>50823677</controlfield>
      <controlfield tag='003'>OCoLC</controlfield>
      <controlfield tag='005'>20080227091341.0</controlfield>
      <datafield ind1=' ' ind2=' ' tag='010'>
        <subfield code='a'>2001314799</subfield>
      </datafield>
      <datafield ind1=' ' ind2=' ' tag='019'>
        <subfield code='a'>52325639</subfield>
      </datafield>
      <datafield ind1=' ' ind2=' ' tag='035'>
        <subfield code='a'>(OCoLC)50823677</subfield>
        <subfield code='z'>(OCoLC)52325639</subfield>
      </datafield>
      <datafield ind1=' ' ind2=' ' tag='040'>
        <subfield code='a'>INU</subfield>
        <subfield code='c'>INU</subfield>
        <subfield code='d'>DLC</subfield>
        <subfield code='d'>CUY</subfield>
      </datafield>
      <datafield ind1=' ' ind2=' ' tag='049'>
        <subfield code='a'>NOCC</subfield>
      </datafield>
      <datafield ind1='1' ind2=' ' tag='100'>
        <subfield code='a'>Ngoi-Mukena, Aimé Lusa-Diese.</subfield>
      </datafield>
      <datafield ind1='1' ind2='0' tag='245'>
        <subfield code='a'>Tout arrive à tous :</subfield>
        <subfield code='b'>et autres nouvelles /</subfield>
        <subfield code='c'>Aimé Mukena.</subfield>
      </datafield>
      <datafield ind1=' ' ind2=' ' tag='260'>
        <subfield code='a'>Lubumbashi :</subfield>
        <subfield code='b'>Editions pensées du sud,</subfield>
        <subfield code='c'>2002.</subfield>
      </datafield>
      <datafield ind1=' ' ind2=' ' tag='300'>
        <subfield code='a'>77 p. ;</subfield>
        <subfield code='c'>21 cm.</subfield>
      </datafield>
      <datafield ind1=' ' ind2=' ' tag='500'>
        <subfield code='a'>&quot;Janvier 2002.&quot;</subfield>
      </datafield>
      <datafield ind1='0' ind2=' ' tag='505'>
        <subfield code='a'>1. Tout arrive à tous -- 2. Le dernier quart d&apos;heure du Dr Ley -- 3. Les siamois de Golden City -- 4. Les mecs de ma bourgade.</subfield>
      </datafield>
      <datafield ind1=' ' ind2=' ' tag='907'>
        <subfield code='a'>b4641163</subfield>
      </datafield>
      <datafield ind1='9' ind2='1' tag='999'>
        <subfield code='i'>i7063340</subfield>
        <subfield code='l'>ddda</subfield>
        <subfield code='s'>-</subfield>
        <subfield code='t'>0</subfield>
        <subfield code='c'>1</subfield>
        <subfield code='o'>1</subfield>
        <subfield code='b'>00030632806</subfield>
        <subfield code='p'>090</subfield>
        <subfield code='q'>|aPQ3989.3.N44|bT68 2002</subfield>
      </datafield>
  </record>