
  <record>
    <leader>00000cam  2200241Ia 4500</leader>
      <controlfield tag='008'>930608s1991    dk       b    001 0 dan d</controlfield>
      <controlfield tag='001'>28622984</controlfield>
      <controlfield tag='005'>19970728142740.0</controlfield>
      <datafield ind1=' ' ind2=' ' tag='020'>
        <subfield code='a'>8772883480</subfield>
      </datafield>
      <datafield ind1=' ' ind2=' ' tag='040'>
        <subfield code='a'>UBC</subfield>
        <subfield code='c'>UBC</subfield>
        <subfield code='d'>CLU</subfield>
        <subfield code='d'>NOC</subfield>
      </datafield>
      <datafield ind1=' ' ind2=' ' tag='043'>
        <subfield code='a'>a-cc---</subfield>
      </datafield>
      <datafield ind1='1' ind2=' ' tag='100'>
        <subfield code='a'>Hinrup, Hans J.</subfield>
      </datafield>
      <datafield ind1='1' ind2='0' tag='245'>
        <subfield code='a'>Dansk Kinabibliografi, 1641-1949 =</subfield>
        <subfield code='b'>Danish China bibliography, 1641-1949 /</subfield>
        <subfield code='c'>Hans J. Hinrup, Bo Gregersen.</subfield>
      </datafield>
      <datafield ind1='1' ind2=' ' tag='246'>
        <subfield code='a'>Danish China bibliography, 1641-1949</subfield>
      </datafield>
      <datafield ind1=' ' ind2=' ' tag='260'>
        <subfield code='a'>Aarhus :</subfield>
        <subfield code='b'>Aarhus University Press,</subfield>
        <subfield code='c'>1991.</subfield>
      </datafield>
      <datafield ind1=' ' ind2=' ' tag='300'>
        <subfield code='a'>228 p. ;</subfield>
        <subfield code='c'>24 cm.</subfield>
      </datafield>
      <datafield ind1=' ' ind2=' ' tag='500'>
        <subfield code='a'>Includes indexes.</subfield>
      </datafield>
      <datafield ind1=' ' ind2='0' tag='651'>
        <subfield code='a'>China</subfield>
        <subfield code='v'>Bibliography.</subfield>
      </datafield>
      <datafield ind1=' ' ind2='0' tag='651'>
        <subfield code='a'>Denmark</subfield>
        <subfield code='v'>Imprints.</subfield>
      </datafield>
      <datafield ind1='1' ind2=' ' tag='700'>
        <subfield code='a'>Gregersen, Bo.</subfield>
      </datafield>
      <datafield ind1=' ' ind2=' ' tag='907'>
        <subfield code='a'>b3041939</subfield>
      </datafield>
      <datafield ind1='9' ind2='1' tag='999'>
        <subfield code='i'>i4324662</subfield>
        <subfield code='l'>trln</subfield>
        <subfield code='s'>-</subfield>
        <subfield code='t'>0</subfield>
        <subfield code='c'>1</subfield>
        <subfield code='o'>0</subfield>
        <subfield code='b'>00014126395</subfield>
        <subfield code='p'>090</subfield>
        <subfield code='q'>|aDS706 .H56 1991</subfield>
      </datafield>
  </record>