
  <record>
    <leader>00000cam  2200157Ia 4500</leader>
      <controlfield tag='008'>840601q19141918enk          f000 0 eng d</controlfield>
      <controlfield tag='001'>10795978</controlfield>
      <controlfield tag='005'>19840601000000.0</controlfield>
      <datafield ind1=' ' ind2=' ' tag='040'>
        <subfield code='a'>NOC</subfield>
        <subfield code='c'>NOC</subfield>
      </datafield>
      <datafield ind1='0' ind2='0' tag='245'>
        <subfield code='a'>Disabled sailors and soldiers :</subfield>
        <subfield code='b'>what every man should know.</subfield>
      </datafield>
      <datafield ind1=' ' ind2=' ' tag='260'>
        <subfield code='a'>Millbank :</subfield>
        <subfield code='b'>Issued by the Ministry of Pensions,</subfield>
        <subfield code='c'>[between 1914 and 1918]</subfield>
        <subfield code='e'>(London :</subfield>
        <subfield code='f'>Dangerfield Printing Company)</subfield>
      </datafield>
      <datafield ind1=' ' ind2=' ' tag='300'>
        <subfield code='a'>1 sheet ([1] p.) ; 103 x 77 cm.</subfield>
      </datafield>
      <datafield ind1=' ' ind2='0' tag='650'>
        <subfield code='a'>World War, 1914-1918</subfield>
        <subfield code='z'>Great Britain.</subfield>
      </datafield>
      <datafield ind1=' ' ind2='0' tag='650'>
        <subfield code='a'>Military pensions</subfield>
        <subfield code='z'>Great Britain.</subfield>
      </datafield>
      <datafield ind1='1' ind2=' ' tag='710'>
        <subfield code='a'>Great Britain.</subfield>
        <subfield code='b'>Ministry of Pensions.</subfield>
      </datafield>
      <datafield ind1='0' ind2=' ' tag='740'>
        <subfield code='a'>Bowman Gray Collection of World Wars I and II graphic materials.</subfield>
      </datafield>
      <datafield ind1=' ' ind2=' ' tag='919'>
        <subfield code='a'>590 touched / wkg</subfield>
      </datafield>
      <datafield ind1=' ' ind2=' ' tag='907'>
        <subfield code='a'>b1962843</subfield>
      </datafield>
      <datafield ind1='9' ind2='1' tag='999'>
        <subfield code='i'>i2840159</subfield>
        <subfield code='l'>wcda</subfield>
        <subfield code='s'>o</subfield>
        <subfield code='t'>0</subfield>
        <subfield code='c'>1</subfield>
        <subfield code='o'>0</subfield>
        <subfield code='b'>HAJY-5323-00001</subfield>
        <subfield code='p'>099</subfield>
        <subfield code='q'>|aGray B-923</subfield>
        <subfield code='n'>drawer 39</subfield>
      </datafield>
      <datafield ind1='9' ind2='2' tag='999'>
        <subfield code='a'>c2191603</subfield>
        <subfield code='b'>wcda</subfield>
        <subfield code='c'>0</subfield>
      </datafield>
      <datafield ind1='9' ind2='3' tag='999'>
        <subfield code='0'>c2191603</subfield>
        <subfield code='2'>852</subfield>
        <subfield code='3'>c</subfield>
        <subfield code='b'>572211</subfield>
        <subfield code='h'>Gray</subfield>
        <subfield code='i'>B-923</subfield>
      </datafield>
      <datafield ind1='9' ind2='3' tag='999'>
        <subfield code='0'>c2191603</subfield>
        <subfield code='2'>852</subfield>
        <subfield code='3'>h</subfield>
        <subfield code='t'>c. 1</subfield>
        <subfield code='z'>drawer 39</subfield>
      </datafield>
  </record>