
  <record>
    <leader>00000cam  2200181 a 4500</leader>
      <controlfield tag='008'>871207s1987    cau           000 0 eng  </controlfield>
      <controlfield tag='001'>15252289</controlfield>
      <controlfield tag='005'>19871207000000.0</controlfield>
      <datafield ind1=' ' ind2=' ' tag='010'>
        <subfield code='a'>87005211</subfield>
      </datafield>
      <datafield ind1=' ' ind2=' ' tag='020'>
        <subfield code='a'>0876856954 (pbk.) :</subfield>
        <subfield code='c'>$9.00</subfield>
      </datafield>
      <datafield ind1=' ' ind2=' ' tag='020'>
        <subfield code='a'>0876856962 (hard) :</subfield>
        <subfield code='c'>$17.50</subfield>
      </datafield>
      <datafield ind1=' ' ind2=' ' tag='020'>
        <subfield code='a'>0876856970 (signed) :</subfield>
        <subfield code='c'>$25.00</subfield>
      </datafield>
      <datafield ind1=' ' ind2=' ' tag='040'>
        <subfield code='a'>DLC</subfield>
        <subfield code='c'>DLC</subfield>
        <subfield code='d'>NOC</subfield>
      </datafield>
      <datafield ind1='0' ind2=' ' tag='082'>
        <subfield code='a'>811/.54</subfield>
        <subfield code='2'>19</subfield>
      </datafield>
      <datafield ind1='1' ind2=' ' tag='100'>
        <subfield code='a'>Clark, Tom,</subfield>
        <subfield code='d'>1941-</subfield>
      </datafield>
      <datafield ind1='1' ind2='0' tag='245'>
        <subfield code='a'>Disordered ideas /</subfield>
        <subfield code='c'>Tom Clark.</subfield>
      </datafield>
      <datafield ind1=' ' ind2=' ' tag='260'>
        <subfield code='a'>Santa Rosa :</subfield>
        <subfield code='b'>Black Sparrow Press,</subfield>
        <subfield code='c'>1987.</subfield>
      </datafield>
      <datafield ind1=' ' ind2=' ' tag='300'>
        <subfield code='a'>202 p. ;</subfield>
        <subfield code='c'>23 cm.</subfield>
      </datafield>
      <datafield ind1=' ' ind2=' ' tag='907'>
        <subfield code='a'>b2173331</subfield>
      </datafield>
      <datafield ind1='9' ind2='1' tag='999'>
        <subfield code='i'>i3135178</subfield>
        <subfield code='l'>ddda</subfield>
        <subfield code='s'>-</subfield>
        <subfield code='t'>0</subfield>
        <subfield code='c'>1</subfield>
        <subfield code='o'>1</subfield>
        <subfield code='b'>00004149380</subfield>
        <subfield code='p'>090</subfield>
        <subfield code='q'>|aPS3553.L29 D5 1987</subfield>
      </datafield>
  </record>