
  <record>
    <leader>00000cam  2200229Ii 4500</leader>
      <controlfield tag='008'>750926s1973    ja a          000 0 eng d</controlfield>
      <controlfield tag='001'>1658456</controlfield>
      <controlfield tag='005'>19790630000000.0</controlfield>
      <datafield ind1=' ' ind2=' ' tag='040'>
        <subfield code='a'>WLU</subfield>
        <subfield code='c'>WLU</subfield>
        <subfield code='d'>NOC</subfield>
      </datafield>
      <datafield ind1='1' ind2=' ' tag='100'>
        <subfield code='a'>Kosugi, Kiyoshi.</subfield>
      </datafield>
      <datafield ind1='1' ind2='0' tag='245'>
        <subfield code='a'>38 basic joseki /</subfield>
        <subfield code='c'>by Kiyoshi Kosugi and James Davies.</subfield>
      </datafield>
      <datafield ind1=' ' ind2=' ' tag='260'>
        <subfield code='a'>Tokyo :</subfield>
        <subfield code='b'>Ishi Press,</subfield>
        <subfield code='c'>1973.</subfield>
      </datafield>
      <datafield ind1=' ' ind2=' ' tag='300'>
        <subfield code='a'>244 p. (p. 244 advertisements) :</subfield>
        <subfield code='b'>ill. ;</subfield>
        <subfield code='c'>18 cm.</subfield>
      </datafield>
      <datafield ind1=' ' ind2='0' tag='650'>
        <subfield code='a'>Go (Game)</subfield>
      </datafield>
      <datafield ind1='1' ind2=' ' tag='700'>
        <subfield code='a'>Davies, James,</subfield>
        <subfield code='d'>1945-</subfield>
      </datafield>
      <datafield ind1=' ' ind2='0' tag='830'>
        <subfield code='a'>Ishi Press go series ;</subfield>
        <subfield code='v'>G11.</subfield>
      </datafield>
      <datafield ind1=' ' ind2='0' tag='830'>
        <subfield code='a'>Elementary go series ;</subfield>
        <subfield code='v'>v. 2.</subfield>
      </datafield>
      <datafield ind1=' ' ind2=' ' tag='907'>
        <subfield code='a'>b1312839</subfield>
      </datafield>
      <datafield ind1='9' ind2='1' tag='999'>
        <subfield code='i'>i1662251</subfield>
        <subfield code='l'>uada</subfield>
        <subfield code='s'>-</subfield>
        <subfield code='t'>0</subfield>
        <subfield code='c'>1</subfield>
        <subfield code='o'>45</subfield>
        <subfield code='b'>00008001592</subfield>
        <subfield code='p'>090</subfield>
        <subfield code='q'>|aGV1459.5 .E43</subfield>
        <subfield code='v'>v.2</subfield>
      </datafield>
  </record>