
  <record>
    <leader>00000cam a2200409 a 4500</leader>
      <controlfield tag='008'>061119s2006    ii       b    000 0 hino </controlfield>
      <controlfield tag='001'>81930718</controlfield>
      <controlfield tag='003'>OCoLC</controlfield>
      <controlfield tag='005'>20080212094146.0</controlfield>
      <datafield ind1=' ' ind2=' ' tag='010'>
        <subfield code='a'>2006453456</subfield>
      </datafield>
      <datafield ind1=' ' ind2=' ' tag='020'>
        <subfield code='a'>8187733322 (hbk.)</subfield>
      </datafield>
      <datafield ind1=' ' ind2=' ' tag='020'>
        <subfield code='a'>9788187733324 (hbk.)</subfield>
      </datafield>
      <datafield ind1=' ' ind2=' ' tag='025'>
        <subfield code='a'>I-H-2006-453456; 23</subfield>
      </datafield>
      <datafield ind1=' ' ind2=' ' tag='035'>
        <subfield code='a'>(OCoLC)81930718</subfield>
      </datafield>
      <datafield ind1=' ' ind2=' ' tag='037'>
        <subfield code='b'>Library of Congress -- New Delhi Overseas Office</subfield>
        <subfield code='c'>Rs200.00</subfield>
      </datafield>
      <datafield ind1=' ' ind2=' ' tag='040'>
        <subfield code='a'>DLC</subfield>
        <subfield code='c'>DLC</subfield>
        <subfield code='d'>IXA</subfield>
        <subfield code='d'>NOC</subfield>
      </datafield>
      <datafield ind1=' ' ind2=' ' tag='042'>
        <subfield code='a'>lcode</subfield>
      </datafield>
      <datafield ind1=' ' ind2=' ' tag='043'>
        <subfield code='a'>a-ii---</subfield>
      </datafield>
      <datafield ind1=' ' ind2=' ' tag='049'>
        <subfield code='a'>NOCC</subfield>
      </datafield>
      <datafield ind1='0' ind2='0' tag='050'>
        <subfield code='a'>HT720</subfield>
        <subfield code='b'>.A695 2006</subfield>
      </datafield>
      <datafield ind1='0' ind2=' ' tag='100'>
        <subfield code='a'>Ajaya Kumāra,</subfield>
        <subfield code='d'>1978-</subfield>
      </datafield>
      <datafield ind1='1' ind2='0' tag='245'>
        <subfield code='a'>Dalita Painthara āndolana /</subfield>
        <subfield code='c'>Ajaya Kumāra.</subfield>
      </datafield>
      <datafield ind1=' ' ind2=' ' tag='260'>
        <subfield code='a'>Dillī :</subfield>
        <subfield code='b'>Gautama Buka Senṭara,</subfield>
        <subfield code='c'>2006.</subfield>
      </datafield>
      <datafield ind1=' ' ind2=' ' tag='300'>
        <subfield code='a'>152 p. ;</subfield>
        <subfield code='c'>23 cm.</subfield>
      </datafield>
      <datafield ind1=' ' ind2=' ' tag='504'>
        <subfield code='a'>Includes bibliographical references (p. 152).</subfield>
      </datafield>
      <datafield ind1=' ' ind2=' ' tag='520'>
        <subfield code='a'>On Dalita Painthara movement by the dalit youth and litterateurs of Maharashtra, India against racial discrimination and opression; covers the period 1972-1979.</subfield>
      </datafield>
      <datafield ind1=' ' ind2=' ' tag='546'>
        <subfield code='a'>In Hindi.</subfield>
      </datafield>
      <datafield ind1='2' ind2='0' tag='610'>
        <subfield code='a'>Dalita Pênthara.</subfield>
      </datafield>
      <datafield ind1=' ' ind2='0' tag='650'>
        <subfield code='a'>Dalits</subfield>
        <subfield code='z'>India</subfield>
        <subfield code='z'>Maharashtra</subfield>
        <subfield code='x'>Social conditions.</subfield>
      </datafield>
      <datafield ind1=' ' ind2='0' tag='650'>
        <subfield code='a'>Dalits</subfield>
        <subfield code='x'>Political activity</subfield>
        <subfield code='z'>India</subfield>
        <subfield code='z'>Maharashtra.</subfield>
      </datafield>
      <datafield ind1=' ' ind2='0' tag='650'>
        <subfield code='a'>Social movements</subfield>
        <subfield code='z'>India</subfield>
        <subfield code='z'>Maharashtra.</subfield>
      </datafield>
      <datafield ind1='1' ind2=' ' tag='700'>
        <subfield code='a'>Gautama, Esa. Esa.</subfield>
      </datafield>
      <datafield ind1=' ' ind2=' ' tag='907'>
        <subfield code='a'>b5336995</subfield>
      </datafield>
      <datafield ind1='9' ind2='1' tag='999'>
        <subfield code='i'>i7050450</subfield>
        <subfield code='l'>ddda</subfield>
        <subfield code='s'>-</subfield>
        <subfield code='t'>0</subfield>
        <subfield code='c'>1</subfield>
        <subfield code='o'>0</subfield>
        <subfield code='b'>00030067944</subfield>
        <subfield code='p'>050</subfield>
        <subfield code='q'>|aHT720|b.A695 2006</subfield>
      </datafield>
  </record>