
  <record>
    <leader>00000cam  2200301 a 4500</leader>
      <controlfield tag='008'>040406s2003    ii       b    000 0 hino </controlfield>
      <controlfield tag='001'>55617172</controlfield>
      <controlfield tag='005'>20050126075729.0</controlfield>
      <datafield ind1=' ' ind2=' ' tag='010'>
        <subfield code='a'>2004325490</subfield>
      </datafield>
      <datafield ind1=' ' ind2=' ' tag='020'>
        <subfield code='a'>818143062X</subfield>
      </datafield>
      <datafield ind1=' ' ind2=' ' tag='037'>
        <subfield code='b'>Library of Congress -- New Delhi Overseas Office</subfield>
        <subfield code='c'>Rs500.00</subfield>
      </datafield>
      <datafield ind1=' ' ind2=' ' tag='040'>
        <subfield code='a'>DLC</subfield>
        <subfield code='c'>DLC</subfield>
        <subfield code='d'>NOC</subfield>
      </datafield>
      <datafield ind1=' ' ind2=' ' tag='042'>
        <subfield code='a'>lcode</subfield>
      </datafield>
      <datafield ind1='0' ind2='0' tag='050'>
        <subfield code='a'>PK2098.V43</subfield>
        <subfield code='b'>Z497 2003</subfield>
      </datafield>
      <datafield ind1='0' ind2='0' tag='245'>
        <subfield code='a'>Avalokana :</subfield>
        <subfield code='b'>Nirmala Varmā /</subfield>
        <subfield code='c'>sampādaka Nandakiśora Ācārya.</subfield>
      </datafield>
      <datafield ind1=' ' ind2=' ' tag='250'>
        <subfield code='a'>1. saṃskaraṇa.</subfield>
      </datafield>
      <datafield ind1=' ' ind2=' ' tag='260'>
        <subfield code='a'>Nayī Dillī :</subfield>
        <subfield code='b'>Vāṇī Prakāśana,</subfield>
        <subfield code='c'>2003.</subfield>
      </datafield>
      <datafield ind1=' ' ind2=' ' tag='300'>
        <subfield code='a'>311 p. ;</subfield>
        <subfield code='c'>23 cm.</subfield>
      </datafield>
      <datafield ind1=' ' ind2=' ' tag='504'>
        <subfield code='a'>Includes bibliographical references.</subfield>
      </datafield>
      <datafield ind1=' ' ind2=' ' tag='520'>
        <subfield code='a'>Contributed articles on the works of Nirmal Verma, b. 1929, Hindi fiction author.</subfield>
      </datafield>
      <datafield ind1=' ' ind2=' ' tag='546'>
        <subfield code='a'>In Hindi.</subfield>
      </datafield>
      <datafield ind1='1' ind2='0' tag='600'>
        <subfield code='a'>Verma, Nirmal,</subfield>
        <subfield code='d'>1929-2005</subfield>
        <subfield code='x'>Criticism and interpretation.</subfield>
      </datafield>
      <datafield ind1='1' ind2=' ' tag='700'>
        <subfield code='a'>Acharya, Nand Kishore,</subfield>
        <subfield code='d'>1945-</subfield>
      </datafield>
      <datafield ind1=' ' ind2=' ' tag='907'>
        <subfield code='a'>b4679519</subfield>
      </datafield>
      <datafield ind1='9' ind2='1' tag='999'>
        <subfield code='i'>i6149371</subfield>
        <subfield code='l'>ddda</subfield>
        <subfield code='s'>-</subfield>
        <subfield code='t'>0</subfield>
        <subfield code='c'>1</subfield>
        <subfield code='o'>0</subfield>
        <subfield code='b'>00024452414</subfield>
        <subfield code='p'>090</subfield>
        <subfield code='q'>|aPK2098.V43 Z497 2003</subfield>
      </datafield>
  </record>