
  <record>
    <leader>00000cam a2200457I  4500</leader>
      <controlfield tag='008'>761005s1935    mx af         000 1 eng  </controlfield>
      <controlfield tag='001'>2482638</controlfield>
      <controlfield tag='003'>OCoLC</controlfield>
      <controlfield tag='005'>20100908104323.0</controlfield>
      <datafield ind1=' ' ind2=' ' tag='010'>
        <subfield code='a'>37012468</subfield>
      </datafield>
      <datafield ind1=' ' ind2=' ' tag='035'>
        <subfield code='a'>(OCoLC)2482638</subfield>
      </datafield>
      <datafield ind1=' ' ind2=' ' tag='040'>
        <subfield code='a'>DLC</subfield>
        <subfield code='c'>KKU</subfield>
        <subfield code='d'>DLC</subfield>
        <subfield code='d'>NOC</subfield>
      </datafield>
      <datafield ind1='1' ind2=' ' tag='041'>
        <subfield code='a'>eng</subfield>
        <subfield code='h'>spa</subfield>
      </datafield>
      <datafield ind1=' ' ind2=' ' tag='042'>
        <subfield code='a'>premarc</subfield>
      </datafield>
      <datafield ind1=' ' ind2=' ' tag='049'>
        <subfield code='a'>[Stuart]NOCR</subfield>
      </datafield>
      <datafield ind1=' ' ind2=' ' tag='050'>
        <subfield code='a'>PQ7297.M35</subfield>
        <subfield code='b'>T52</subfield>
      </datafield>
      <datafield ind1='1' ind2=' ' tag='100'>
        <subfield code='a'>Mediz Bolio, Antonio,</subfield>
        <subfield code='d'>1884-1957.</subfield>
      </datafield>
      <datafield ind1='1' ind2='0' tag='240'>
        <subfield code='a'>Tierra del faisán y del venado.</subfield>
        <subfield code='l'>English</subfield>
      </datafield>
      <datafield ind1='1' ind2='4' tag='245'>
        <subfield code='a'>The land of the pheasant and the deer :</subfield>
        <subfield code='b'>folksong of the Maya /</subfield>
        <subfield code='c'>by Antonio Mediz Bolio ; translated by Enid Eder Perkins ; illustrations by Diego Rivera.</subfield>
      </datafield>
      <datafield ind1=' ' ind2=' ' tag='260'>
        <subfield code='a'>Mexico :</subfield>
        <subfield code='b'>Editorial &quot;Cvltvra&quot;,</subfield>
        <subfield code='c'>1935.</subfield>
      </datafield>
      <datafield ind1=' ' ind2=' ' tag='300'>
        <subfield code='a'>151 p., [3] ℓ, [3] ℓ of plates :</subfield>
        <subfield code='b'>col. ill. ;</subfield>
        <subfield code='c'>24 cm.</subfield>
      </datafield>
      <datafield ind1=' ' ind2=' ' tag='500'>
        <subfield code='a'>&quot;This book was published at the City of Mexico, in the year 1935, by &quot;Editorial Cultura&quot;, Avenida de la Republica de Guatemale no. 96. Nine hundred volumes were printed on &apos;Malinche&apos;, and ten on especially-made paper. Illustrations by Diego Rivera, capital letters by Leopoldo Tomassi&quot;--Colophon.</subfield>
      </datafield>
      <datafield ind1=' ' ind2='0' tag='650'>
        <subfield code='a'>Mayas</subfield>
        <subfield code='v'>Fiction.</subfield>
      </datafield>
      <datafield ind1=' ' ind2='7' tag='655'>
        <subfield code='a'>Pictorial bindings (Binding)</subfield>
        <subfield code='z'>Mexico</subfield>
        <subfield code='y'>20th century.</subfield>
        <subfield code='2'>rbbin</subfield>
      </datafield>
      <datafield ind1=' ' ind2='7' tag='655'>
        <subfield code='a'>Limitation statements (Publishing)</subfield>
        <subfield code='z'>Mexico</subfield>
        <subfield code='y'>20th century.</subfield>
        <subfield code='2'>rbpub</subfield>
      </datafield>
      <datafield ind1='1' ind2=' ' tag='700'>
        <subfield code='a'>Perkins, Enid Eder,</subfield>
        <subfield code='e'>translator.</subfield>
      </datafield>
      <datafield ind1='0' ind2=' ' tag='740'>
        <subfield code='a'>George E. and Melinda Y. Stuart Collection.</subfield>
      </datafield>
      <datafield ind1='0' ind2='8' tag='776'>
        <subfield code='i'>Online version:</subfield>
        <subfield code='a'>Mediz Bolio, Antonio, 1884-1957.</subfield>
        <subfield code='t'>Land of the pheasant and the deer.</subfield>
        <subfield code='d'>Mexico, Editorial &quot;Cvltvra&quot;, 1935</subfield>
        <subfield code='w'>(OCoLC)656499558</subfield>
      </datafield>
      <datafield ind1=' ' ind2=' ' tag='919'>
        <subfield code='a'>590 touched / wkg</subfield>
      </datafield>
      <datafield ind1=' ' ind2=' ' tag='907'>
        <subfield code='a'>b2782005</subfield>
      </datafield>
      <datafield ind1='9' ind2='1' tag='999'>
        <subfield code='i'>i3997172</subfield>
        <subfield code='l'>ddda</subfield>
        <subfield code='s'>-</subfield>
        <subfield code='t'>0</subfield>
        <subfield code='c'>1</subfield>
        <subfield code='o'>7</subfield>
        <subfield code='b'>00014771491</subfield>
        <subfield code='p'>090</subfield>
        <subfield code='q'>|aPQ7297.M35 T513 1935</subfield>
      </datafield>
      <datafield ind1='9' ind2='1' tag='999'>
        <subfield code='i'>i8394930</subfield>
        <subfield code='l'>wcsn</subfield>
        <subfield code='s'>o</subfield>
        <subfield code='t'>0</subfield>
        <subfield code='c'>1</subfield>
        <subfield code='o'>0</subfield>
        <subfield code='b'>00039062637</subfield>
        <subfield code='p'>090</subfield>
        <subfield code='q'>|aPQ7297.M35|bT513 1935</subfield>
        <subfield code='n'>&quot;This book was published at the City of Mexico, in the year 1935, by &quot;Editorial Cultura&quot;, Avenida de la Republica de Guatemale no. 96. Nine hundred volumes were printed on &apos;Malinche&apos;, and ten on especially-made paper. Illustrations by Diego Rivera, capital letters by Leopoldo Tomassi&quot;--Colophon. Binding: Fully bound in paper board; Covers illustrated in orange and black by Diego Rivera. Orange and black illustrated t.p. ; headpieces; 3 plates illustrated by Diego Rivera. RBC Donor: Gift of George and Melinda Stuart.</subfield>
      </datafield>
      <datafield ind1='9' ind2='2' tag='999'>
        <subfield code='a'>c4844982</subfield>
        <subfield code='b'>wcsn</subfield>
        <subfield code='c'>0</subfield>
      </datafield>
      <datafield ind1='9' ind2='3' tag='999'>
        <subfield code='0'>c4844982</subfield>
        <subfield code='2'>852</subfield>
        <subfield code='3'>c</subfield>
        <subfield code='h'>PQ7297.M35</subfield>
        <subfield code='i'>T513 1935</subfield>
      </datafield>
      <datafield ind1='9' ind2='3' tag='999'>
        <subfield code='0'>c4844982</subfield>
        <subfield code='2'>852</subfield>
        <subfield code='3'>h</subfield>
        <subfield code='t'>c. 1</subfield>
        <subfield code='z'>&quot;This book was published at the City of Mexico, in the year 1935, by &quot;Editorial Cultura&quot;, Avenida de la Republica de Guatemale no. 96. Nine hundred volumes were printed on &apos;Malinche&apos;, and ten on especially-made paper. Illustrations by Diego Rivera, capital letters by Leopoldo Tomassi&quot;--Colophon. Binding: Fully bound in paper board; Covers illustrated in orange and black by Diego Rivera. Orange and black illustrated t.p. ; headpieces; 3 plates illustrated by Diego Rivera. RBC Donor: Gift of George and Melinda Stuart.</subfield>
      </datafield>
  </record>