
  <record>
    <leader>00000cam a2200289Ia 4500</leader>
      <controlfield tag='008'>840223s1983    dcu      b   f000 0 eng d</controlfield>
      <controlfield tag='001'>10449173</controlfield>
      <controlfield tag='005'>19930816172325.0</controlfield>
      <datafield ind1=' ' ind2=' ' tag='040'>
        <subfield code='a'>ULL</subfield>
        <subfield code='c'>ULL</subfield>
        <subfield code='d'>NOH</subfield>
      </datafield>
      <datafield ind1='1' ind2=' ' tag='110'>
        <subfield code='a'>United States.</subfield>
        <subfield code='b'>Health Resources and Services Administration.</subfield>
        <subfield code='b'>Bureau of Health Professions.</subfield>
        <subfield code='b'>Office of Data Analysis and Management.</subfield>
      </datafield>
      <datafield ind1='1' ind2='2' tag='245'>
        <subfield code='a'>A report to Congress on the evaluation of health manpower shortage area criteria.</subfield>
      </datafield>
      <datafield ind1=' ' ind2=' ' tag='260'>
        <subfield code='a'>[Washington, D.C.?] :</subfield>
        <subfield code='b'>U.S. Dept. of Health &amp; Human Services, Public Health Sevice, Health Resources and Services Administration, Bureau of Health Professions, Office of Data Analysis and Management,</subfield>
        <subfield code='c'>1983.</subfield>
      </datafield>
      <datafield ind1=' ' ind2=' ' tag='300'>
        <subfield code='a'>1 v. (various pagings) ;</subfield>
        <subfield code='c'>28 cm.</subfield>
      </datafield>
      <datafield ind1=' ' ind2=' ' tag='500'>
        <subfield code='a'>&quot;September, 1983.&quot;</subfield>
      </datafield>
      <datafield ind1=' ' ind2=' ' tag='504'>
        <subfield code='a'>Includes bibliographical references.</subfield>
      </datafield>
      <datafield ind1=' ' ind2='2' tag='650'>
        <subfield code='a'>Health Manpower.</subfield>
      </datafield>
      <datafield ind1=' ' ind2='2' tag='651'>
        <subfield code='a'>United States.</subfield>
      </datafield>
      <datafield ind1='0' ind2=' ' tag='740'>
        <subfield code='a'>Evaluation of health manpower shortage area criteria.</subfield>
      </datafield>
      <datafield ind1='0' ind2=' ' tag='740'>
        <subfield code='a'>Health manpower shortage area criteria.</subfield>
      </datafield>
      <datafield ind1=' ' ind2='0' tag='830'>
        <subfield code='a'>ODAM report ;</subfield>
        <subfield code='v'>no. 2-84.</subfield>
      </datafield>
      <datafield ind1=' ' ind2=' ' tag='907'>
        <subfield code='a'>b2460024</subfield>
      </datafield>
      <datafield ind1='9' ind2='1' tag='999'>
        <subfield code='i'>i3531528</subfield>
        <subfield code='l'>nohh</subfield>
        <subfield code='s'>-</subfield>
        <subfield code='t'>0</subfield>
        <subfield code='c'>1</subfield>
        <subfield code='o'>0</subfield>
        <subfield code='b'>H00091668U</subfield>
        <subfield code='p'>096</subfield>
        <subfield code='q'>|aW 76 U5792r 1983</subfield>
      </datafield>
  </record>