
  <record>
    <leader>00000ccm  2200229Ia 4500</leader>
      <controlfield tag='008'>761115s1968    nyuzza         n    zxx  </controlfield>
      <controlfield tag='001'>2559329</controlfield>
      <controlfield tag='005'>19980916094704.0</controlfield>
      <datafield ind1=' ' ind2=' ' tag='010'>
        <subfield code='a'>68053878 /M</subfield>
      </datafield>
      <datafield ind1='2' ind2='0' tag='028'>
        <subfield code='a'>AMP-9651-37</subfield>
        <subfield code='b'>Associated Music Publishers</subfield>
      </datafield>
      <datafield ind1=' ' ind2=' ' tag='040'>
        <subfield code='a'>DLC</subfield>
        <subfield code='c'>KTS</subfield>
        <subfield code='d'>IUL</subfield>
        <subfield code='d'>RER</subfield>
        <subfield code='d'>NOC</subfield>
      </datafield>
      <datafield ind1='2' ind2=' ' tag='045'>
        <subfield code='b'>d1955</subfield>
        <subfield code='b'>d1957</subfield>
      </datafield>
      <datafield ind1=' ' ind2=' ' tag='048'>
        <subfield code='a'>sa01</subfield>
        <subfield code='a'>ka01</subfield>
      </datafield>
      <datafield ind1='0' ind2=' ' tag='050'>
        <subfield code='a'>M221</subfield>
        <subfield code='b'>.W</subfield>
      </datafield>
      <datafield ind1='1' ind2=' ' tag='100'>
        <subfield code='a'>Wyner, Yehudi,</subfield>
        <subfield code='d'>1929-</subfield>
      </datafield>
      <datafield ind1='1' ind2='0' tag='240'>
        <subfield code='a'>Concert duo</subfield>
      </datafield>
      <datafield ind1='1' ind2='0' tag='245'>
        <subfield code='a'>Concert duo :</subfield>
        <subfield code='b'>for violin and piano (in 2 movements) /</subfield>
        <subfield code='c'>Yehudi Wyner.</subfield>
      </datafield>
      <datafield ind1=' ' ind2=' ' tag='260'>
        <subfield code='a'>New York :</subfield>
        <subfield code='b'>Associated Music Publishers,</subfield>
        <subfield code='c'>c1968.</subfield>
      </datafield>
      <datafield ind1=' ' ind2=' ' tag='300'>
        <subfield code='a'>1 score (38 p.) + 1 part (32 p.) ;</subfield>
        <subfield code='c'>31 cm.</subfield>
      </datafield>
      <datafield ind1=' ' ind2=' ' tag='500'>
        <subfield code='a'>Duration: about 20 min.</subfield>
      </datafield>
      <datafield ind1=' ' ind2='0' tag='650'>
        <subfield code='a'>Violin and piano music</subfield>
        <subfield code='v'>Scores and parts.</subfield>
      </datafield>
      <datafield ind1=' ' ind2=' ' tag='907'>
        <subfield code='a'>b3166023</subfield>
      </datafield>
      <datafield ind1='9' ind2='1' tag='999'>
        <subfield code='i'>i4492742</subfield>
        <subfield code='l'>mmda</subfield>
        <subfield code='s'>-</subfield>
        <subfield code='t'>45</subfield>
        <subfield code='c'>1</subfield>
        <subfield code='o'>0</subfield>
        <subfield code='b'>10001209595</subfield>
        <subfield code='p'>090</subfield>
        <subfield code='q'>|aM221.W95 C6</subfield>
      </datafield>
  </record>