
  <record>
    <leader>00000cam  2200361 a 4500</leader>
      <controlfield tag='008'>060620s2006    nyu           001 0 eng  </controlfield>
      <controlfield tag='001'>70176987</controlfield>
      <controlfield tag='003'>OCoLC</controlfield>
      <controlfield tag='005'>20100308105650.0</controlfield>
      <datafield ind1=' ' ind2=' ' tag='010'>
        <subfield code='a'>2006277925</subfield>
      </datafield>
      <datafield ind1=' ' ind2=' ' tag='020'>
        <subfield code='a'>0735562237</subfield>
      </datafield>
      <datafield ind1=' ' ind2=' ' tag='020'>
        <subfield code='a'>9780735562233</subfield>
      </datafield>
      <datafield ind1=' ' ind2=' ' tag='035'>
        <subfield code='a'>(OCoLC)70176987</subfield>
      </datafield>
      <datafield ind1=' ' ind2=' ' tag='040'>
        <subfield code='a'>DLC</subfield>
        <subfield code='c'>DLC</subfield>
        <subfield code='d'>BAKER</subfield>
        <subfield code='d'>BTCTA</subfield>
        <subfield code='d'>OCLCG</subfield>
        <subfield code='d'>TKF</subfield>
        <subfield code='d'>DCJ</subfield>
        <subfield code='d'>NDO</subfield>
      </datafield>
      <datafield ind1=' ' ind2=' ' tag='043'>
        <subfield code='a'>n-us---</subfield>
      </datafield>
      <datafield ind1=' ' ind2=' ' tag='049'>
        <subfield code='a'>NDOL</subfield>
      </datafield>
      <datafield ind1='0' ind2='0' tag='050'>
        <subfield code='a'>KF306</subfield>
        <subfield code='b'>.M65 2006</subfield>
      </datafield>
      <datafield ind1='1' ind2=' ' tag='100'>
        <subfield code='a'>Moliterno, James E.,</subfield>
        <subfield code='d'>1953-</subfield>
      </datafield>
      <datafield ind1='1' ind2='0' tag='245'>
        <subfield code='a'>Professional responsibility /</subfield>
        <subfield code='c'>James E. Moliterno.</subfield>
      </datafield>
      <datafield ind1=' ' ind2=' ' tag='250'>
        <subfield code='a'>2nd ed.</subfield>
      </datafield>
      <datafield ind1=' ' ind2=' ' tag='260'>
        <subfield code='a'>New York :</subfield>
        <subfield code='b'>Aspen Publishers,</subfield>
        <subfield code='c'>c2006.</subfield>
      </datafield>
      <datafield ind1=' ' ind2=' ' tag='300'>
        <subfield code='a'>xxxiv, 55, 258 p. ;</subfield>
        <subfield code='c'>28 cm.</subfield>
      </datafield>
      <datafield ind1=' ' ind2=' ' tag='500'>
        <subfield code='a'>Includes index.</subfield>
      </datafield>
      <datafield ind1='0' ind2=' ' tag='505'>
        <subfield code='a'>Introduction and the role of lawyer -- Regulation of the legal profession -- Controls on lawyer conduct -- Formal aspects of the lawyer-client relationship -- Confidentiality -- Conflict of interests -- Duties to third parties -- Duties to the legal system and society -- Special role-related duties -- Advertising and solicitation -- Judicial conduct.</subfield>
      </datafield>
      <datafield ind1='0' ind2='0' tag='541'>
        <subfield code='c'>Gift:</subfield>
        <subfield code='a'>University of North Carolina School of Law Student Bar Association, donor.</subfield>
      </datafield>
      <datafield ind1=' ' ind2='0' tag='650'>
        <subfield code='a'>Legal ethics</subfield>
        <subfield code='z'>United States.</subfield>
      </datafield>
      <datafield ind1=' ' ind2='0' tag='650'>
        <subfield code='a'>Lawyers</subfield>
        <subfield code='x'>Malpractice</subfield>
        <subfield code='z'>United States.</subfield>
      </datafield>
      <datafield ind1=' ' ind2='0' tag='830'>
        <subfield code='a'>Emanuel law outlines.</subfield>
      </datafield>
      <datafield ind1=' ' ind2=' ' tag='907'>
        <subfield code='a'>b6125356</subfield>
      </datafield>
      <datafield ind1='9' ind2='1' tag='999'>
        <subfield code='i'>i8045431</subfield>
        <subfield code='l'>ksta</subfield>
        <subfield code='s'>-</subfield>
        <subfield code='t'>0</subfield>
        <subfield code='c'>1</subfield>
        <subfield code='o'>8</subfield>
        <subfield code='d'>20180701</subfield>
        <subfield code='b'>L00376471S</subfield>
        <subfield code='p'>050</subfield>
        <subfield code='q'>|aKF306|b.M65 2006</subfield>
      </datafield>
  </record>