
  <record>
    <leader>00000ccm a2200349Ia 4500</leader>
      <controlfield tag='008'>820428s1981    fr opa         n    fre  </controlfield>
      <controlfield tag='001'>8376768</controlfield>
      <controlfield tag='005'>19930614173230.0</controlfield>
      <datafield ind1=' ' ind2=' ' tag='010'>
        <subfield code='a'>82770773 /M</subfield>
      </datafield>
      <datafield ind1=' ' ind2=' ' tag='020'>
        <subfield code='a'>2222028450</subfield>
      </datafield>
      <datafield ind1=' ' ind2=' ' tag='040'>
        <subfield code='a'>DLC</subfield>
        <subfield code='c'>RES</subfield>
        <subfield code='d'>OCL</subfield>
        <subfield code='d'>m/c</subfield>
        <subfield code='d'>OCL</subfield>
        <subfield code='d'>NOC</subfield>
      </datafield>
      <datafield ind1='0' ind2=' ' tag='045'>
        <subfield code='b'>d1688</subfield>
      </datafield>
      <datafield ind1='0' ind2=' ' tag='050'>
        <subfield code='a'>M1500.C487</subfield>
        <subfield code='b'>D4</subfield>
      </datafield>
      <datafield ind1='1' ind2=' ' tag='100'>
        <subfield code='a'>Charpentier, Marc-Antoine,</subfield>
        <subfield code='d'>1643-1704.</subfield>
      </datafield>
      <datafield ind1='1' ind2='0' tag='240'>
        <subfield code='a'>David et Jonathas</subfield>
      </datafield>
      <datafield ind1='1' ind2='0' tag='245'>
        <subfield code='a'>David et Jonathas :</subfield>
        <subfield code='b'>tragédie mise en musique /</subfield>
        <subfield code='c'>Marc-Antoine Charpentier ; edité par Jean Duron.</subfield>
      </datafield>
      <datafield ind1=' ' ind2=' ' tag='260'>
        <subfield code='a'>Paris :</subfield>
        <subfield code='b'>Editions du Centre national de la recherche scientifique,</subfield>
        <subfield code='c'>1981.</subfield>
      </datafield>
      <datafield ind1=' ' ind2=' ' tag='300'>
        <subfield code='a'>1 score (385 p.) ;</subfield>
        <subfield code='c'>31 cm.</subfield>
      </datafield>
      <datafield ind1=' ' ind2=' ' tag='500'>
        <subfield code='a'>On cover: Musique française XVIIe XVIIIe siècle.</subfield>
      </datafield>
      <datafield ind1=' ' ind2=' ' tag='500'>
        <subfield code='a'>Edited from ms. in the Bibliothèque nationale (Rés. F924)</subfield>
      </datafield>
      <datafield ind1=' ' ind2=' ' tag='500'>
        <subfield code='a'>Figured bass unrealized.</subfield>
      </datafield>
      <datafield ind1=' ' ind2='0' tag='650'>
        <subfield code='a'>Operas</subfield>
        <subfield code='v'>Scores.</subfield>
      </datafield>
      <datafield ind1='1' ind2=' ' tag='700'>
        <subfield code='a'>Duron, Jean.</subfield>
      </datafield>
      <datafield ind1=' ' ind2='0' tag='830'>
        <subfield code='a'>Publications du Centre d&apos;études de la musique française aux XVIIIe &amp; XIXe siècles ;</subfield>
        <subfield code='v'>v. 1.</subfield>
      </datafield>
      <datafield ind1=' ' ind2=' ' tag='907'>
        <subfield code='a'>b2465817</subfield>
      </datafield>
      <datafield ind1='9' ind2='1' tag='999'>
        <subfield code='i'>i3545352</subfield>
        <subfield code='l'>mmda</subfield>
        <subfield code='s'>-</subfield>
        <subfield code='t'>45</subfield>
        <subfield code='c'>1</subfield>
        <subfield code='o'>1</subfield>
        <subfield code='b'>00011386984</subfield>
        <subfield code='p'>090</subfield>
        <subfield code='q'>|aM1500.C49 D4</subfield>
      </datafield>
  </record>