
  <record>
    <leader>00000nam  2200325Ka 4500</leader>
      <controlfield tag='006'>m        u</controlfield>
      <controlfield tag='008'>101025s2010    enka    ob    001 0 eng d</controlfield>
      <controlfield tag='007'>cr cn    a||||</controlfield>
      <controlfield tag='001'>671641430</controlfield>
      <controlfield tag='003'>OCoLC</controlfield>
      <datafield ind1=' ' ind2=' ' tag='020'>
        <subfield code='a'>9781904671930 (electronic bk.)</subfield>
      </datafield>
      <datafield ind1=' ' ind2=' ' tag='020'>
        <subfield code='a'>1904671934 (electronic bk.)</subfield>
      </datafield>
      <datafield ind1=' ' ind2=' ' tag='040'>
        <subfield code='a'>N$T</subfield>
        <subfield code='c'>N$T</subfield>
      </datafield>
      <datafield ind1=' ' ind2='4' tag='050'>
        <subfield code='a'>RA790.5</subfield>
        <subfield code='b'>.M45 2010eb</subfield>
      </datafield>
      <datafield ind1='0' ind2='4' tag='082'>
        <subfield code='a'>362.2</subfield>
        <subfield code='2'>22</subfield>
      </datafield>
      <datafield ind1='0' ind2='0' tag='245'>
        <subfield code='a'>Mental Health Outcome Measures</subfield>
        <subfield code='h'>[electronic resource] /</subfield>
        <subfield code='c'>edited by Graham Thornicroft and Michele Tansella.</subfield>
      </datafield>
      <datafield ind1=' ' ind2=' ' tag='260'>
        <subfield code='a'>London :</subfield>
        <subfield code='b'>RCPsych Publications,</subfield>
        <subfield code='c'>c2010.</subfield>
      </datafield>
      <datafield ind1=' ' ind2=' ' tag='300'>
        <subfield code='a'>1 online resource (xvii, 355 p.) :</subfield>
        <subfield code='b'>ill.</subfield>
      </datafield>
      <datafield ind1=' ' ind2=' ' tag='504'>
        <subfield code='a'>Includes bibliographical references and index.</subfield>
      </datafield>
      <datafield ind1='1' ind2=' ' tag='506'>
        <subfield code='a'>Access limited to UNC Chapel Hill-authenticated users.</subfield>
        <subfield code='f'>Limited to one (1) concurrent user</subfield>
      </datafield>
      <datafield ind1=' ' ind2='0' tag='650'>
        <subfield code='a'>Mental health services</subfield>
        <subfield code='x'>Research</subfield>
        <subfield code='x'>Methodology.</subfield>
      </datafield>
      <datafield ind1=' ' ind2='2' tag='650'>
        <subfield code='a'>Mental Health Services.</subfield>
      </datafield>
      <datafield ind1=' ' ind2='2' tag='650'>
        <subfield code='a'>Outcome and Process Assessment (Health Care)</subfield>
      </datafield>
      <datafield ind1=' ' ind2='0' tag='650'>
        <subfield code='a'>Psychiatry</subfield>
        <subfield code='x'>Research</subfield>
        <subfield code='x'>Methodology.</subfield>
      </datafield>
      <datafield ind1='1' ind2=' ' tag='700'>
        <subfield code='a'>Thornicroft, Graham.</subfield>
      </datafield>
      <datafield ind1='1' ind2=' ' tag='700'>
        <subfield code='a'>Tansella, Michele.</subfield>
      </datafield>
      <datafield ind1='0' ind2='8' tag='776'>
        <subfield code='i'>Print version:</subfield>
        <subfield code='t'>Mental Health Outcome Measures.</subfield>
        <subfield code='d'>London : RCPsych Publications, 2010</subfield>
        <subfield code='z'>9781904671923</subfield>
        <subfield code='w'>(OCoLC)654319154</subfield>
      </datafield>
      <datafield ind1='4' ind2='0' tag='856'>
        <subfield code='y'>Full text available via the UNC-Chapel Hill Libraries</subfield>
        <subfield code='x'>NetLibrary</subfield>
        <subfield code='u'>http://libproxy.lib.unc.edu/login?url=http://www.netLibrary.com/urlapi.asp?action=summary&amp;v=1&amp;bookid=337535</subfield>
        <subfield code='x'>Netlibrary</subfield>
        <subfield code='x'>Ebscohost</subfield>
      </datafield>
      <datafield ind1=' ' ind2=' ' tag='907'>
        <subfield code='a'>b6518418</subfield>
      </datafield>
      <datafield ind1='9' ind2='4' tag='999'>
        <subfield code='a'>o2235614</subfield>
        <subfield code='b'> </subfield>
        <subfield code='c'>1</subfield>
        <subfield code='d'></subfield>
        <subfield code='e'>2011-03-14</subfield>
        <subfield code='f'>noheb</subfield>
        <subfield code='g'>a</subfield>
      </datafield>
  </record>