
  <record>
    <leader>00000nam  2200325 a 4500</leader>
      <controlfield tag='008'>830201s1982    nmuab    tb  f000 0 eng d</controlfield>
      <controlfield tag='001'>9179722</controlfield>
      <datafield ind1=' ' ind2=' ' tag='035'>
        <subfield code='a'>(GPO)84017367</subfield>
      </datafield>
      <datafield ind1=' ' ind2=' ' tag='040'>
        <subfield code='a'>GIS</subfield>
        <subfield code='c'>GIS</subfield>
        <subfield code='d'>GPO</subfield>
      </datafield>
      <datafield ind1=' ' ind2=' ' tag='043'>
        <subfield code='a'>n-us-nm</subfield>
      </datafield>
      <datafield ind1=' ' ind2=' ' tag='074'>
        <subfield code='a'>624-B</subfield>
      </datafield>
      <datafield ind1='0' ind2=' ' tag='086'>
        <subfield code='a'>I 19.42/4:82-19</subfield>
      </datafield>
      <datafield ind1='1' ind2=' ' tag='100'>
        <subfield code='a'>Dennehy, Kevin F.</subfield>
      </datafield>
      <datafield ind1='1' ind2='0' tag='245'>
        <subfield code='a'>Results of hydrologic tests and water-chemistry analyses, wells H-5A, H-5B, and H-5C, at the proposed waste isolation pilot plant site, southeastern New Mexico /</subfield>
        <subfield code='c'>by Kevin F. Dennehy and Jerry W. Mercer ; [prepared by the U.S. Geological Survey in cooperation with the U.S. Department of Energy].</subfield>
      </datafield>
      <datafield ind1=' ' ind2=' ' tag='260'>
        <subfield code='a'>[Albuquerque, N.M.] :</subfield>
        <subfield code='b'>U.S. Geological Survey,</subfield>
        <subfield code='c'>[1982]</subfield>
      </datafield>
      <datafield ind1=' ' ind2=' ' tag='300'>
        <subfield code='a'>viii, 83 p. :</subfield>
        <subfield code='b'>ill., 1 map ;</subfield>
        <subfield code='c'>28 cm.</subfield>
      </datafield>
      <datafield ind1=' ' ind2=' ' tag='500'>
        <subfield code='a'>&quot;February 1982.&quot;</subfield>
      </datafield>
      <datafield ind1=' ' ind2=' ' tag='504'>
        <subfield code='a'>Bibliography: p. 35.</subfield>
      </datafield>
      <datafield ind1=' ' ind2=' ' tag='513'>
        <subfield code='a'>Final.</subfield>
      </datafield>
      <datafield ind1=' ' ind2='0' tag='650'>
        <subfield code='a'>Groundwater</subfield>
        <subfield code='z'>New Mexico.</subfield>
      </datafield>
      <datafield ind1=' ' ind2='0' tag='650'>
        <subfield code='a'>Water</subfield>
        <subfield code='x'>Analysis.</subfield>
      </datafield>
      <datafield ind1='1' ind2=' ' tag='700'>
        <subfield code='a'>Mercer, Jerry W.</subfield>
      </datafield>
      <datafield ind1='2' ind2=' ' tag='710'>
        <subfield code='a'>Geological Survey (U.S.)</subfield>
      </datafield>
      <datafield ind1='1' ind2=' ' tag='710'>
        <subfield code='a'>United States.</subfield>
        <subfield code='b'>Department of Energy.</subfield>
      </datafield>
      <datafield ind1=' ' ind2='0' tag='830'>
        <subfield code='a'>Water-resources investigations ;</subfield>
        <subfield code='v'>82-19.</subfield>
      </datafield>
      <datafield ind1=' ' ind2=' ' tag='907'>
        <subfield code='a'>b3588094</subfield>
      </datafield>
      <datafield ind1='9' ind2='1' tag='999'>
        <subfield code='i'>i5027696</subfield>
        <subfield code='l'>dcpf</subfield>
        <subfield code='s'>-</subfield>
        <subfield code='t'>20</subfield>
        <subfield code='c'>1</subfield>
        <subfield code='o'>0</subfield>
        <subfield code='b'>00019326980</subfield>
        <subfield code='p'>086</subfield>
        <subfield code='q'>|aI19.42/4:82-19-56</subfield>
      </datafield>
  </record>