
  <record>
    <leader>00000cam  2200277 a 4500</leader>
      <controlfield tag='008'>900105s1985    gw a     b    000 0 ger  </controlfield>
      <controlfield tag='001'>14955220</controlfield>
      <controlfield tag='005'>19900105000000.0</controlfield>
      <datafield ind1=' ' ind2=' ' tag='010'>
        <subfield code='a'>86122107</subfield>
      </datafield>
      <datafield ind1=' ' ind2=' ' tag='020'>
        <subfield code='a'>3407582676</subfield>
      </datafield>
      <datafield ind1=' ' ind2=' ' tag='040'>
        <subfield code='a'>DLC</subfield>
        <subfield code='c'>DLC</subfield>
        <subfield code='d'>NOC</subfield>
      </datafield>
      <datafield ind1=' ' ind2=' ' tag='043'>
        <subfield code='a'>e-gx---</subfield>
      </datafield>
      <datafield ind1='1' ind2=' ' tag='100'>
        <subfield code='a'>Schoen, Paul,</subfield>
        <subfield code='d'>1942-</subfield>
      </datafield>
      <datafield ind1='1' ind2='0' tag='245'>
        <subfield code='a'>Armenfürsorge im Nationalsozialismus :</subfield>
        <subfield code='b'>die Wohlfahrtspflege in Preussen zwischen 1933 und 1939 am Beispiel der Wirtschaftsfürsorge /</subfield>
        <subfield code='c'>Paul Schoen.</subfield>
      </datafield>
      <datafield ind1=' ' ind2=' ' tag='260'>
        <subfield code='a'>Weinheim :</subfield>
        <subfield code='b'>Beltz Verlag,</subfield>
        <subfield code='c'>1985.</subfield>
      </datafield>
      <datafield ind1=' ' ind2=' ' tag='300'>
        <subfield code='a'>xxxiii, 353 p. :</subfield>
        <subfield code='b'>ill. ;</subfield>
        <subfield code='c'>21 cm.</subfield>
      </datafield>
      <datafield ind1=' ' ind2=' ' tag='500'>
        <subfield code='a'>Originally presented as the author&apos;s thesis (doctoral)--FU Berlin, 1984.</subfield>
      </datafield>
      <datafield ind1=' ' ind2=' ' tag='504'>
        <subfield code='a'>Bibliography: p. [336]-353.</subfield>
      </datafield>
      <datafield ind1=' ' ind2='0' tag='650'>
        <subfield code='a'>Public welfare</subfield>
        <subfield code='z'>Germany</subfield>
        <subfield code='z'>Prussia</subfield>
        <subfield code='x'>History</subfield>
        <subfield code='y'>20th century.</subfield>
      </datafield>
      <datafield ind1=' ' ind2='0' tag='650'>
        <subfield code='a'>Social security</subfield>
        <subfield code='z'>Germany</subfield>
        <subfield code='z'>Prussia</subfield>
        <subfield code='x'>History</subfield>
        <subfield code='y'>20th century.</subfield>
      </datafield>
      <datafield ind1=' ' ind2='0' tag='651'>
        <subfield code='a'>Germany</subfield>
        <subfield code='x'>Social conditions</subfield>
        <subfield code='y'>1933-1945.</subfield>
      </datafield>
      <datafield ind1=' ' ind2='0' tag='830'>
        <subfield code='a'>Beltz Forschungsberichte.</subfield>
      </datafield>
      <datafield ind1=' ' ind2=' ' tag='907'>
        <subfield code='a'>b2161612</subfield>
      </datafield>
      <datafield ind1='9' ind2='1' tag='999'>
        <subfield code='i'>i3118269</subfield>
        <subfield code='l'>trln</subfield>
        <subfield code='s'>-</subfield>
        <subfield code='t'>0</subfield>
        <subfield code='c'>1</subfield>
        <subfield code='o'>0</subfield>
        <subfield code='b'>00005480357</subfield>
        <subfield code='p'>090</subfield>
        <subfield code='q'>|aHV279.P9 S36 1985</subfield>
      </datafield>
  </record>