
  <record>
    <leader>00000cam a2200385 a 4500</leader>
      <controlfield tag='006'>m    |o  d |</controlfield>
      <controlfield tag='008'>000622s1864    nyu     o     000 0 eng d</controlfield>
      <controlfield tag='007'>cr||n||||||||n</controlfield>
      <controlfield tag='001'>TGPSM10-B161</controlfield>
      <controlfield tag='003'>UtOrBLW</controlfield>
      <controlfield tag='005'>20100301142900.0</controlfield>
      <datafield ind1=' ' ind2=' ' tag='035'>
        <subfield code='a'>(OCoLC)697707695</subfield>
      </datafield>
      <datafield ind1=' ' ind2=' ' tag='040'>
        <subfield code='a'>TGPSM</subfield>
        <subfield code='c'>UtOrBLW</subfield>
      </datafield>
      <datafield ind1=' ' ind2=' ' tag='043'>
        <subfield code='a'>n-us-ny</subfield>
      </datafield>
      <datafield ind1='2' ind2=' ' tag='110'>
        <subfield code='a'>Society of the New York Hospital.</subfield>
      </datafield>
      <datafield ind1='1' ind2='4' tag='245'>
        <subfield code='a'>The memorial and petition of the Society of the New York Hospital to the Legislature of the state of New York</subfield>
        <subfield code='h'>[electronic resource].</subfield>
      </datafield>
      <datafield ind1=' ' ind2=' ' tag='260'>
        <subfield code='a'>New York :</subfield>
        <subfield code='b'>W.C. Bryant &amp; Co., printers,</subfield>
        <subfield code='c'>1864.</subfield>
      </datafield>
      <datafield ind1=' ' ind2=' ' tag='300'>
        <subfield code='a'>1 online resource (6 p.)</subfield>
      </datafield>
      <datafield ind1=' ' ind2=' ' tag='500'>
        <subfield code='a'>&quot;Published by order of the Board of Governors.&quot;</subfield>
      </datafield>
      <datafield ind1=' ' ind2=' ' tag='500'>
        <subfield code='a'>Signed (p. 6): &quot;George T. Trimble, president.&quot;</subfield>
      </datafield>
      <datafield ind1=' ' ind2=' ' tag='500'>
        <subfield code='a'>Reproduction of the original from the American Antiquarian Society.</subfield>
      </datafield>
      <datafield ind1=' ' ind2=' ' tag='500'>
        <subfield code='a'>Sabin no. 86155.</subfield>
      </datafield>
      <datafield ind1='1' ind2=' ' tag='506'>
        <subfield code='a'>Access limited to UNC Chapel Hill-authenticated users.</subfield>
        <subfield code='f'>Unlimited simultaneous users</subfield>
      </datafield>
      <datafield ind1='2' ind2='0' tag='610'>
        <subfield code='a'>New York Hospital</subfield>
        <subfield code='x'>Finance.</subfield>
      </datafield>
      <datafield ind1=' ' ind2='0' tag='650'>
        <subfield code='a'>Hospitals</subfield>
        <subfield code='z'>New York (State)</subfield>
        <subfield code='z'>New York.</subfield>
      </datafield>
      <datafield ind1='1' ind2=' ' tag='700'>
        <subfield code='a'>Trimble, George T.,</subfield>
        <subfield code='d'>1793 or 1794-1872.</subfield>
      </datafield>
      <datafield ind1='1' ind2=' ' tag='710'>
        <subfield code='a'>New York (State).</subfield>
        <subfield code='b'>Legislature.</subfield>
      </datafield>
      <datafield ind1='2' ind2=' ' tag='710'>
        <subfield code='a'>New York Hospital.</subfield>
        <subfield code='b'>Board of Governors.</subfield>
      </datafield>
      <datafield ind1='0' ind2=' ' tag='773'>
        <subfield code='t'>Sabin Americana, 1500-1926 (online collection). Ebooks</subfield>
      </datafield>
      <datafield ind1='4' ind2='0' tag='856'>
        <subfield code='u'>http://libproxy.lib.unc.edu/login?url=http://galenet.galegroup.com/servlet/Sabin?af=RN&amp;ae=CY109942776&amp;srchtp=a&amp;ste=14&amp;q=unc_main</subfield>
        <subfield code='y'>Full text available via the UNC-Chapel Hill Libraries</subfield>
        <subfield code='x'>Sabin Americana, 1500-1926</subfield>
      </datafield>
      <datafield ind1='0' ind2='0' tag='907'>
        <subfield code='a'>b6588387</subfield>
      </datafield>
  </record>