
  <record>
    <leader>00000nam a22002293u 4500</leader>
      <controlfield tag='006'>m        d</controlfield>
      <controlfield tag='007'>cr  n</controlfield>
      <controlfield tag='008'>170507nuuuu    ||||||||o|||||||| ||||| d</controlfield>
      <controlfield tag='001'>sseb020159581</controlfield>
      <controlfield tag='003'>WaSeSS</controlfield>
      <controlfield tag='005'>20170507180151.0</controlfield>
      <datafield ind1=' ' ind2=' ' tag='040'>
        <subfield code='a'>WaSeSS</subfield>
        <subfield code='c'>WaSeSS</subfield>
        <subfield code='d'>WaSeSS</subfield>
      </datafield>
      <datafield ind1='0' ind2='0' tag='245'>
        <subfield code='a'>Explanation of Proposed Income Tax Treaty Between the United States and the Republic of Estonia Scheduled for a Hearing Before the Committee on Foreign Relations United States Senate on October 13, 1999</subfield>
        <subfield code='h'>[electronic resource].</subfield>
      </datafield>
      <datafield ind1=' ' ind2=' ' tag='260'>
        <subfield code='a'>[S.l.] :</subfield>
        <subfield code='b'>[s.n.]</subfield>
      </datafield>
      <datafield ind1=' ' ind2=' ' tag='300'>
        <subfield code='a'>1 online resource</subfield>
      </datafield>
      <datafield ind1=' ' ind2=' ' tag='500'>
        <subfield code='a'>Title from content provider.</subfield>
      </datafield>
      <datafield ind1='1' ind2=' ' tag='506'>
        <subfield code='a'>Access limited to UNC Chapel Hill-authenticated users.</subfield>
        <subfield code='f'>Unlimited simultaneous users</subfield>
      </datafield>
      <datafield ind1='0' ind2=' ' tag='773'>
        <subfield code='t'>HeinOnline Treaties and Agreements Library (online collection). Ebooks</subfield>
      </datafield>
      <datafield ind1='4' ind2='0' tag='856'>
        <subfield code='y'>Full text available via the UNC-Chapel Hill Libraries</subfield>
        <subfield code='u'>http://VB3LK7EB4T.search.serialssolutions.com/?V=1.0&amp;L=VB3LK7EB4T&amp;S=JCs&amp;C=TC_020159581&amp;T=marc</subfield>
        <subfield code='x'>HeinOnline U.S. Treaties and Agreements Library</subfield>
      </datafield>
      <datafield ind1='4' ind2='0' tag='907'>
        <subfield code='a'>b8862670</subfield>
      </datafield>
  </record>