
  <record>
    <leader>00000cam  2200145I  4500</leader>
      <controlfield tag='008'>880127s1935    nyuaf         000 0 eng d</controlfield>
      <controlfield tag='001'>1260075</controlfield>
      <controlfield tag='005'>19880525120549.7</controlfield>
      <datafield ind1=' ' ind2=' ' tag='010'>
        <subfield code='a'>35019373</subfield>
      </datafield>
      <datafield ind1=' ' ind2=' ' tag='040'>
        <subfield code='c'>ORL</subfield>
      </datafield>
      <datafield ind1='1' ind2=' ' tag='100'>
        <subfield code='a'>Cowles, Harry Lee.</subfield>
      </datafield>
      <datafield ind1='1' ind2='4' tag='245'>
        <subfield code='a'>The art of squash racquets,</subfield>
        <subfield code='c'>by Harry Cowles.</subfield>
      </datafield>
      <datafield ind1=' ' ind2=' ' tag='260'>
        <subfield code='a'>New York,</subfield>
        <subfield code='b'>The Macmillan company,</subfield>
        <subfield code='c'>1935.</subfield>
      </datafield>
      <datafield ind1=' ' ind2=' ' tag='300'>
        <subfield code='a'>xii p., 1 l., 88 p.</subfield>
        <subfield code='b'>illus., plates.</subfield>
        <subfield code='c'>20 cm.</subfield>
      </datafield>
      <datafield ind1=' ' ind2='0' tag='650'>
        <subfield code='a'>Squash (Game)</subfield>
      </datafield>
      <datafield ind1=' ' ind2=' ' tag='907'>
        <subfield code='a'>b1259988</subfield>
      </datafield>
      <datafield ind1='9' ind2='1' tag='999'>
        <subfield code='i'>i1456937</subfield>
        <subfield code='l'>trln</subfield>
        <subfield code='s'>-</subfield>
        <subfield code='t'>0</subfield>
        <subfield code='c'>1</subfield>
        <subfield code='o'>0</subfield>
        <subfield code='b'>00008712351</subfield>
        <subfield code='p'>090</subfield>
        <subfield code='q'>|aGV1003 .C58</subfield>
      </datafield>
  </record>