
  <record>
    <leader>00000cam  2200349Ia 4500</leader>
      <controlfield tag='008'>791009s1954    ksu      b    000 0 eng d</controlfield>
      <controlfield tag='001'>5508458</controlfield>
      <controlfield tag='003'>OCoLC</controlfield>
      <controlfield tag='005'>20120912020853.0</controlfield>
      <datafield ind1=' ' ind2=' ' tag='019'>
        <subfield code='a'>3994999</subfield>
      </datafield>
      <datafield ind1=' ' ind2=' ' tag='035'>
        <subfield code='a'>(OCoLC)5508458</subfield>
        <subfield code='z'>(OCoLC)3994999</subfield>
      </datafield>
      <datafield ind1=' ' ind2=' ' tag='040'>
        <subfield code='a'>KSW</subfield>
        <subfield code='c'>KSW</subfield>
        <subfield code='d'>OCL</subfield>
        <subfield code='d'>NED</subfield>
        <subfield code='d'>OCLCQ</subfield>
        <subfield code='d'>NOH</subfield>
      </datafield>
      <datafield ind1=' ' ind2=' ' tag='049'>
        <subfield code='a'>NOHH</subfield>
      </datafield>
      <datafield ind1=' ' ind2='4' tag='050'>
        <subfield code='a'>RC321</subfield>
        <subfield code='b'>.G7 no.27</subfield>
      </datafield>
      <datafield ind1='0' ind2='4' tag='082'>
        <subfield code='a'>301.42</subfield>
      </datafield>
      <datafield ind1='2' ind2=' ' tag='110'>
        <subfield code='a'>Group for the Advancement of Psychiatry.</subfield>
        <subfield code='b'>Committee on the Family.</subfield>
      </datafield>
      <datafield ind1='1' ind2='0' tag='245'>
        <subfield code='a'>Integration and conflict in family behavior /</subfield>
        <subfield code='c'>formulated by the Committee on the Family of the Group for the Advancement of Psychiatry.</subfield>
      </datafield>
      <datafield ind1=' ' ind2=' ' tag='260'>
        <subfield code='a'>Topeka, Kan :</subfield>
        <subfield code='b'>Group for the Advancement of Psychiatry,</subfield>
        <subfield code='c'>1954.</subfield>
      </datafield>
      <datafield ind1=' ' ind2=' ' tag='300'>
        <subfield code='a'>24 p.</subfield>
        <subfield code='c'>28 cm.</subfield>
      </datafield>
      <datafield ind1=' ' ind2=' ' tag='500'>
        <subfield code='a'>&quot;The responsibility for the preparation and writing of this manuscript belongs to Florence Kluckhohn and John P. Spiegel.&quot;</subfield>
      </datafield>
      <datafield ind1=' ' ind2=' ' tag='500'>
        <subfield code='a'>&quot;August, 1954&quot;</subfield>
      </datafield>
      <datafield ind1=' ' ind2=' ' tag='504'>
        <subfield code='a'>Includes bibliographical references (p. 19-23).</subfield>
      </datafield>
      <datafield ind1=' ' ind2='0' tag='650'>
        <subfield code='a'>Families.</subfield>
      </datafield>
      <datafield ind1=' ' ind2='2' tag='650'>
        <subfield code='a'>Family.</subfield>
      </datafield>
      <datafield ind1=' ' ind2='2' tag='650'>
        <subfield code='a'>Psychiatry.</subfield>
      </datafield>
      <datafield ind1='0' ind2='8' tag='776'>
        <subfield code='i'>Online version:</subfield>
        <subfield code='a'>Group for the Advancement of Psychiatry. Committee on the Family.</subfield>
        <subfield code='t'>Integration and conflict in family behavior.</subfield>
        <subfield code='d'>Topeka, 1954</subfield>
        <subfield code='w'>(OCoLC)657946004</subfield>
      </datafield>
      <datafield ind1=' ' ind2='0' tag='830'>
        <subfield code='a'>Report (Group for the Advancement of Psychiatry) ;</subfield>
        <subfield code='v'>no. 27.</subfield>
      </datafield>
      <datafield ind1=' ' ind2=' ' tag='907'>
        <subfield code='a'>b7222637</subfield>
      </datafield>
      <datafield ind1='9' ind2='1' tag='999'>
        <subfield code='i'>i1695337</subfield>
        <subfield code='l'>nohs</subfield>
        <subfield code='s'>-</subfield>
        <subfield code='t'>2</subfield>
        <subfield code='c'>1</subfield>
        <subfield code='o'>0</subfield>
        <subfield code='b'>H00377925X</subfield>
        <subfield code='v'>v.1-2:no.1-34(1947-1956)</subfield>
        <subfield code='n'>includes Symposium no. 1</subfield>
      </datafield>
  </record>