
  <record>
    <leader>00000cam a2200301 a 4500</leader>
      <controlfield tag='008'>020507s2002    enk           001 0 eng  </controlfield>
      <controlfield tag='001'>47193796</controlfield>
      <controlfield tag='005'>20020819153529.0</controlfield>
      <datafield ind1=' ' ind2=' ' tag='015'>
        <subfield code='a'>GBA1-X0900</subfield>
      </datafield>
      <datafield ind1=' ' ind2=' ' tag='020'>
        <subfield code='a'>0863569129</subfield>
      </datafield>
      <datafield ind1=' ' ind2=' ' tag='040'>
        <subfield code='a'>UKM</subfield>
        <subfield code='c'>UKM</subfield>
        <subfield code='d'>YHM</subfield>
        <subfield code='d'>NOC</subfield>
      </datafield>
      <datafield ind1='0' ind2='4' tag='082'>
        <subfield code='a'>322.109567</subfield>
        <subfield code='2'>21</subfield>
      </datafield>
      <datafield ind1='0' ind2='0' tag='245'>
        <subfield code='a'>Ayatollahs, sufis and ideologues :</subfield>
        <subfield code='b'>state, religion and social movements in Iraq /</subfield>
        <subfield code='c'>edited by Faleh Abdul-Jabar.</subfield>
      </datafield>
      <datafield ind1=' ' ind2=' ' tag='260'>
        <subfield code='a'>London :</subfield>
        <subfield code='b'>Saqi,</subfield>
        <subfield code='c'>2002.</subfield>
      </datafield>
      <datafield ind1=' ' ind2=' ' tag='300'>
        <subfield code='a'>290 p. ;</subfield>
        <subfield code='c'>24 cm.</subfield>
      </datafield>
      <datafield ind1=' ' ind2=' ' tag='504'>
        <subfield code='a'>Includes index.</subfield>
      </datafield>
      <datafield ind1='0' ind2=' ' tag='505'>
        <subfield code='a'>Nature of Shi&apos;ism in Iraq / Yitzhak Nakkash -- Zghurt and Shmurt : aspects of the traditional Shi&apos;i society / Peter Heine -- Kurds, Islam and state nationalism / Helkot Hakim -- Genesis and development of Marja&apos;ism versus the state / Faleh Abdul-Jabar -- Nature of confrontation between the state and Marja&apos;ism : Grand Ayatollah Muhsin al-Hakim and the Ba&apos;th / Pierre-Jean Luizard -- Rituals of &apos;Asura : genealogy, functions, actors and structures / Ibrahim Haydari -- Religious composition of the Kurdish society : Sufi orders, sects and religions / Sami Shourush -- Origins of the Naqshabandiyya Sufi order / Helkot Hakim -- Da&apos;wa Islamic party : origins, actors and ideology / Abdul-Hali al-Ruhaimi -- Muslim brotherhood : genesis and development / Basim al-&apos;Azami -- Islamist fundamentalist movements among the Kurds / Sami Shourush -- Deportation of Shi&apos;is during the Iran-Iraq War : causes and consequences / Ali Babakhan -- Iraqi Shi&apos;is in exile in London / Jens-Uwe Rahe -- Grand Ayatollah Abu al-Qassim al-Kho&apos;i : political thought and positions / Yousif al-Kho&apos;i -- Political theory of Muhammad Baqir Sadr / Talib Aziz -- School of Najaf / Jawdat al-Qazwini -- School of Qum / Jawdat al-Qazwini.</subfield>
      </datafield>
      <datafield ind1=' ' ind2='0' tag='650'>
        <subfield code='a'>Islam and politics</subfield>
        <subfield code='z'>Iraq.</subfield>
      </datafield>
      <datafield ind1=' ' ind2='0' tag='650'>
        <subfield code='a'>Social movements</subfield>
        <subfield code='z'>Iraq.</subfield>
      </datafield>
      <datafield ind1=' ' ind2='0' tag='650'>
        <subfield code='a'>Islam and state</subfield>
        <subfield code='z'>Iraq.</subfield>
      </datafield>
      <datafield ind1='1' ind2=' ' tag='700'>
        <subfield code='a'>ʻAbd al-Jabbār, Fāliḥ.</subfield>
      </datafield>
      <datafield ind1=' ' ind2=' ' tag='907'>
        <subfield code='a'>b4179212</subfield>
      </datafield>
      <datafield ind1='9' ind2='1' tag='999'>
        <subfield code='i'>i5729339</subfield>
        <subfield code='l'>ddda</subfield>
        <subfield code='s'>-</subfield>
        <subfield code='t'>0</subfield>
        <subfield code='c'>1</subfield>
        <subfield code='o'>23</subfield>
        <subfield code='b'>00021167871</subfield>
        <subfield code='p'>090</subfield>
        <subfield code='q'>|aBP173.7 .A937 2002</subfield>
      </datafield>
      <datafield ind1='9' ind2='1' tag='999'>
        <subfield code='i'>i5729340</subfield>
        <subfield code='l'>ddda</subfield>
        <subfield code='s'>-</subfield>
        <subfield code='t'>0</subfield>
        <subfield code='c'>2</subfield>
        <subfield code='o'>8</subfield>
        <subfield code='d'>20170815</subfield>
        <subfield code='b'>00021239615</subfield>
        <subfield code='p'>090</subfield>
        <subfield code='q'>|aBP173.7 .A937 2002</subfield>
      </datafield>
  </record>