
  <record>
    <leader>00000ncm  2200205 a 4500</leader>
      <controlfield tag='008'>121102s1935    nyuuul         00   eng d</controlfield>
      <datafield ind1='1' ind2=' ' tag='100'>
        <subfield code='a'>Johnston, Arthur,</subfield>
        <subfield code='d'>1898-1954.</subfield>
      </datafield>
      <datafield ind1='1' ind2='0' tag='245'>
        <subfield code='a'>Two together /</subfield>
        <subfield code='c'>lyric by Gus Kahn ; music by Arthur Johnston.</subfield>
      </datafield>
      <datafield ind1='1' ind2='3' tag='246'>
        <subfield code='a'>Girl friend</subfield>
      </datafield>
      <datafield ind1=' ' ind2=' ' tag='260'>
        <subfield code='a'>New York, NY :</subfield>
        <subfield code='b'>Robbins Music Corporation,</subfield>
        <subfield code='c'>c1935.</subfield>
      </datafield>
      <datafield ind1=' ' ind2=' ' tag='300'>
        <subfield code='a'>5 p. :</subfield>
        <subfield code='b'>ill.</subfield>
      </datafield>
      <datafield ind1=' ' ind2=' ' tag='500'>
        <subfield code='a'>For voice and piano.</subfield>
      </datafield>
      <datafield ind1=' ' ind2=' ' tag='500'>
        <subfield code='a'>Illustration: Photograph of Ann Sothern and Jack Haley.</subfield>
      </datafield>
      <datafield ind1=' ' ind2=' ' tag='500'>
        <subfield code='a'>First line of text: Life is a language that&apos;s greek to me.</subfield>
      </datafield>
      <datafield ind1=' ' ind2=' ' tag='500'>
        <subfield code='a'>UNC Sheet Music Collection.</subfield>
      </datafield>
      <datafield ind1='1' ind2=' ' tag='700'>
        <subfield code='a'>Kahn, Gus,</subfield>
        <subfield code='d'>1886-1941.</subfield>
      </datafield>
      <datafield ind1=' ' ind2=' ' tag='907'>
        <subfield code='a'>b7262522</subfield>
      </datafield>
      <datafield ind1='9' ind2='1' tag='999'>
        <subfield code='i'>i9791537</subfield>
        <subfield code='l'>mmdd</subfield>
        <subfield code='s'>o</subfield>
        <subfield code='t'>45</subfield>
        <subfield code='c'>1</subfield>
        <subfield code='o'>0</subfield>
        <subfield code='n'>In UNC Sheet Music Collection:  Ask at Music Library Circulation Desk</subfield>
      </datafield>
  </record>