
  <record>
    <leader>00000nam  2200433Ka 4500</leader>
      <controlfield tag='008'>960313s1989    dcua    bb   f000 0 eng d</controlfield>
      <controlfield tag='007'>he bmb024bbca</controlfield>
      <controlfield tag='001'>34353279</controlfield>
      <controlfield tag='003'>OCoLC</controlfield>
      <controlfield tag='005'>20050419125301.0</controlfield>
      <datafield ind1=' ' ind2=' ' tag='037'>
        <subfield code='a'>N 89-27116</subfield>
        <subfield code='b'>NASA</subfield>
      </datafield>
      <datafield ind1=' ' ind2=' ' tag='040'>
        <subfield code='a'>PIT</subfield>
        <subfield code='c'>PIT</subfield>
        <subfield code='d'>GPO</subfield>
        <subfield code='d'>MvI</subfield>
      </datafield>
      <datafield ind1=' ' ind2=' ' tag='074'>
        <subfield code='a'>0830-H-15 (MF)</subfield>
      </datafield>
      <datafield ind1=' ' ind2=' ' tag='074'>
        <subfield code='a'>0830-H-15 (online)</subfield>
      </datafield>
      <datafield ind1='0' ind2=' ' tag='086'>
        <subfield code='a'>NAS 1.60:2914</subfield>
      </datafield>
      <datafield ind1='1' ind2=' ' tag='100'>
        <subfield code='a'>Tauber, Michael E.</subfield>
      </datafield>
      <datafield ind1='1' ind2='2' tag='245'>
        <subfield code='a'>A review of high-speed, convective, heat-transfer computation methods</subfield>
        <subfield code='h'>[microform] /</subfield>
        <subfield code='c'>Michael E. Tauber.</subfield>
      </datafield>
      <datafield ind1=' ' ind2=' ' tag='260'>
        <subfield code='a'>[Washington, D.C.] :</subfield>
        <subfield code='b'>National Aeronautics and Space Administration, Office of Management, Scientific and Technical Information Division,</subfield>
        <subfield code='c'>1989.</subfield>
      </datafield>
      <datafield ind1=' ' ind2=' ' tag='300'>
        <subfield code='a'>iv, 33 p. :</subfield>
        <subfield code='b'>ill. ;</subfield>
        <subfield code='c'>28 cm.</subfield>
      </datafield>
      <datafield ind1=' ' ind2=' ' tag='500'>
        <subfield code='a'>Shipping list no.: 1990-0188-M.</subfield>
      </datafield>
      <datafield ind1=' ' ind2=' ' tag='500'>
        <subfield code='a'>&quot;July 1989&quot;--Cover.</subfield>
      </datafield>
      <datafield ind1=' ' ind2=' ' tag='504'>
        <subfield code='a'>Includes bibliographical references (p. 26-31).</subfield>
      </datafield>
      <datafield ind1=' ' ind2=' ' tag='530'>
        <subfield code='a'>Also available via Internet from the NTRS web site. Address as of 4/19/05: http://ntrs.nasa.gov/archive/nasa/casi.ntrs.nasa.gov/19890017745%5F1989017745.pdf; current access is available via PURL.</subfield>
      </datafield>
      <datafield ind1=' ' ind2=' ' tag='533'>
        <subfield code='a'>Microfiche.</subfield>
        <subfield code='b'>[Washington, D.C. :</subfield>
        <subfield code='c'>National Aeronautics and Space Administration,]</subfield>
        <subfield code='d'>1992.</subfield>
        <subfield code='e'>1 microfiche.</subfield>
      </datafield>
      <datafield ind1=' ' ind2='0' tag='650'>
        <subfield code='a'>Aerodynamic heating.</subfield>
      </datafield>
      <datafield ind1=' ' ind2='0' tag='650'>
        <subfield code='a'>Heat</subfield>
        <subfield code='x'>Transmission.</subfield>
      </datafield>
      <datafield ind1=' ' ind2='7' tag='650'>
        <subfield code='a'>Aerodynamic heating.</subfield>
        <subfield code='2'>nasat</subfield>
      </datafield>
      <datafield ind1=' ' ind2='7' tag='650'>
        <subfield code='a'>Computation.</subfield>
        <subfield code='2'>nasat</subfield>
      </datafield>
      <datafield ind1=' ' ind2='7' tag='650'>
        <subfield code='a'>Convective heat transfer.</subfield>
        <subfield code='2'>nasat</subfield>
      </datafield>
      <datafield ind1=' ' ind2='7' tag='650'>
        <subfield code='a'>Laminar boundary layer.</subfield>
        <subfield code='2'>nasat</subfield>
      </datafield>
      <datafield ind1=' ' ind2='7' tag='650'>
        <subfield code='a'>Separated flow.</subfield>
        <subfield code='2'>nasat</subfield>
      </datafield>
      <datafield ind1=' ' ind2='7' tag='650'>
        <subfield code='a'>Shock heating.</subfield>
        <subfield code='2'>nasat</subfield>
      </datafield>
      <datafield ind1=' ' ind2='7' tag='650'>
        <subfield code='a'>Turbulent boundary layer.</subfield>
        <subfield code='2'>nasat</subfield>
      </datafield>
      <datafield ind1='1' ind2=' ' tag='710'>
        <subfield code='a'>United States.</subfield>
        <subfield code='b'>National Aeronautics and Space Administration.</subfield>
        <subfield code='b'>Scientific and Technical Information Division.</subfield>
      </datafield>
      <datafield ind1=' ' ind2='0' tag='830'>
        <subfield code='a'>NASA technical paper ;</subfield>
        <subfield code='v'>2914.</subfield>
      </datafield>
      <datafield ind1='4' ind2='1' tag='856'>
        <subfield code='u'>http://purl.access.gpo.gov/GPO/LPS60002</subfield>
      </datafield>
      <datafield ind1=' ' ind2=' ' tag='907'>
        <subfield code='a'>b4828335</subfield>
      </datafield>
      <datafield ind1='9' ind2='1' tag='999'>
        <subfield code='i'>i6358137</subfield>
        <subfield code='l'>dcpfb</subfield>
        <subfield code='s'>-</subfield>
        <subfield code='t'>20</subfield>
        <subfield code='c'>1</subfield>
        <subfield code='o'>0</subfield>
        <subfield code='p'>086</subfield>
        <subfield code='q'>|aNAS 1.60:2914</subfield>
      </datafield>
  </record>