
  <record>
    <leader>00000cam a2200349 a 4500</leader>
      <controlfield tag='008'>970729s1996    maua    bb   f000 0 eng d</controlfield>
      <controlfield tag='007'>heubmb024bbca</controlfield>
      <controlfield tag='001'>37374652</controlfield>
      <controlfield tag='005'>19970729091742.0</controlfield>
      <datafield ind1=' ' ind2=' ' tag='035'>
        <subfield code='a'>(GPO)97066189</subfield>
      </datafield>
      <datafield ind1=' ' ind2=' ' tag='040'>
        <subfield code='a'>GPO</subfield>
        <subfield code='c'>GPO</subfield>
        <subfield code='d'>DLC</subfield>
        <subfield code='d'>MvI</subfield>
      </datafield>
      <datafield ind1=' ' ind2=' ' tag='043'>
        <subfield code='a'>n-us-ma</subfield>
      </datafield>
      <datafield ind1=' ' ind2=' ' tag='074'>
        <subfield code='a'>0447-A-01 (MF)</subfield>
      </datafield>
      <datafield ind1='0' ind2=' ' tag='086'>
        <subfield code='a'>HE 1.1002:B 65</subfield>
      </datafield>
      <datafield ind1='1' ind2=' ' tag='100'>
        <subfield code='a'>Antell, Rachel.</subfield>
      </datafield>
      <datafield ind1='1' ind2='0' tag='245'>
        <subfield code='a'>Boston reaching across generations</subfield>
        <subfield code='h'>[microform] :</subfield>
        <subfield code='b'>final report /</subfield>
        <subfield code='c'>report authors, Rachel Antell, Roy Feldman.</subfield>
      </datafield>
      <datafield ind1=' ' ind2=' ' tag='260'>
        <subfield code='a'>Boston, MA (178 Tremont St., Boston 02111) :</subfield>
        <subfield code='b'>Action for Boston Community Development,</subfield>
        <subfield code='c'>[1996?]</subfield>
      </datafield>
      <datafield ind1=' ' ind2=' ' tag='300'>
        <subfield code='a'>39, [19] p. :</subfield>
        <subfield code='b'>ill.</subfield>
      </datafield>
      <datafield ind1=' ' ind2=' ' tag='500'>
        <subfield code='a'>Distributed to depository libraries in microfiche.</subfield>
      </datafield>
      <datafield ind1=' ' ind2=' ' tag='500'>
        <subfield code='a'>Shipping list no.: 97-0736-M.</subfield>
      </datafield>
      <datafield ind1=' ' ind2=' ' tag='500'>
        <subfield code='a'>&quot;Supported by a grant, number 90AM0664, from the Administration on Aging.&quot;</subfield>
      </datafield>
      <datafield ind1=' ' ind2=' ' tag='504'>
        <subfield code='a'>Includes bibliographical references (p. 39).</subfield>
      </datafield>
      <datafield ind1=' ' ind2=' ' tag='533'>
        <subfield code='a'>Microfiche.</subfield>
        <subfield code='b'>[Washington, D.C.?] :</subfield>
        <subfield code='c'>Supt. of Docs., U.S. G.P.O.,</subfield>
        <subfield code='d'>[1997]</subfield>
        <subfield code='e'>1 microfiche : negative.</subfield>
      </datafield>
      <datafield ind1=' ' ind2='0' tag='650'>
        <subfield code='a'>Elderly poor</subfield>
        <subfield code='x'>Services for</subfield>
        <subfield code='z'>Massachusetts</subfield>
        <subfield code='z'>Boston.</subfield>
      </datafield>
      <datafield ind1=' ' ind2='0' tag='650'>
        <subfield code='a'>Older volunteers in social service</subfield>
        <subfield code='z'>Massachusetts</subfield>
        <subfield code='z'>Boston.</subfield>
      </datafield>
      <datafield ind1=' ' ind2='0' tag='650'>
        <subfield code='a'>Young volunteers in social service</subfield>
        <subfield code='z'>Massachusetts</subfield>
        <subfield code='z'>Boston.</subfield>
      </datafield>
      <datafield ind1='1' ind2=' ' tag='700'>
        <subfield code='a'>Feldman, Roy.</subfield>
      </datafield>
      <datafield ind1='2' ind2=' ' tag='710'>
        <subfield code='a'>Action for Boston Community Development.</subfield>
      </datafield>
      <datafield ind1='1' ind2=' ' tag='710'>
        <subfield code='a'>United States.</subfield>
        <subfield code='b'>Administration on Aging.</subfield>
      </datafield>
      <datafield ind1=' ' ind2=' ' tag='907'>
        <subfield code='a'>b3554823</subfield>
      </datafield>
      <datafield ind1='9' ind2='1' tag='999'>
        <subfield code='i'>i4991980</subfield>
        <subfield code='l'>dcpfb</subfield>
        <subfield code='s'>-</subfield>
        <subfield code='t'>20</subfield>
        <subfield code='c'>1</subfield>
        <subfield code='o'>0</subfield>
        <subfield code='b'>HBAK-5901-00001</subfield>
        <subfield code='p'>086</subfield>
        <subfield code='q'>|aHE 1.1002:B 65</subfield>
      </datafield>
  </record>