
  <record>
    <leader>00000cam  2200205   4500</leader>
      <controlfield tag='008'>730831s1973    nyua     b    001 0 eng  </controlfield>
      <controlfield tag='001'>702843</controlfield>
      <controlfield tag='005'>19850416000000.0</controlfield>
      <datafield ind1=' ' ind2=' ' tag='010'>
        <subfield code='a'>72085498</subfield>
      </datafield>
      <datafield ind1=' ' ind2=' ' tag='020'>
        <subfield code='a'>0844800740</subfield>
      </datafield>
      <datafield ind1=' ' ind2=' ' tag='040'>
        <subfield code='a'>DLC</subfield>
        <subfield code='c'>DLC</subfield>
        <subfield code='d'>NOC</subfield>
      </datafield>
      <datafield ind1=' ' ind2=' ' tag='082'>
        <subfield code='a'>620.1/12</subfield>
      </datafield>
      <datafield ind1='1' ind2=' ' tag='100'>
        <subfield code='a'>Collieu, Antony McB.</subfield>
      </datafield>
      <datafield ind1='1' ind2='4' tag='245'>
        <subfield code='a'>The mechanical and thermal properties of materials</subfield>
        <subfield code='c'>[by] Anthony McB. Collieu [and] Derek J. Powney.</subfield>
      </datafield>
      <datafield ind1=' ' ind2=' ' tag='260'>
        <subfield code='a'>New York,</subfield>
        <subfield code='b'>Crane Russak</subfield>
        <subfield code='c'>[1973]</subfield>
      </datafield>
      <datafield ind1=' ' ind2=' ' tag='300'>
        <subfield code='a'>xi, 283 p.</subfield>
        <subfield code='b'>illus.</subfield>
        <subfield code='c'>25 cm.</subfield>
      </datafield>
      <datafield ind1=' ' ind2=' ' tag='504'>
        <subfield code='a'>Bibliography: p. [273]-275.</subfield>
      </datafield>
      <datafield ind1=' ' ind2='0' tag='650'>
        <subfield code='a'>Materials.</subfield>
      </datafield>
      <datafield ind1=' ' ind2='0' tag='650'>
        <subfield code='a'>Materials</subfield>
        <subfield code='x'>Thermal properties.</subfield>
      </datafield>
      <datafield ind1='1' ind2=' ' tag='700'>
        <subfield code='a'>Powney, Derek J.</subfield>
      </datafield>
      <datafield ind1=' ' ind2=' ' tag='907'>
        <subfield code='a'>b1167291</subfield>
      </datafield>
      <datafield ind1='9' ind2='1' tag='999'>
        <subfield code='i'>i1296093</subfield>
        <subfield code='l'>trln</subfield>
        <subfield code='s'>-</subfield>
        <subfield code='t'>0</subfield>
        <subfield code='c'>1</subfield>
        <subfield code='o'>2</subfield>
        <subfield code='b'>00011582619</subfield>
        <subfield code='p'>090</subfield>
        <subfield code='q'>|aTA404.8 .C64</subfield>
      </datafield>
  </record>