
  <record>
    <leader>00000nam  22002651a 4500</leader>
      <controlfield tag='006'>m        d</controlfield>
      <controlfield tag='008'>020621r20001986xxk                 eng d</controlfield>
      <controlfield tag='007'>cr||||||||||||</controlfield>
      <controlfield tag='001'>LIONZ000367198</controlfield>
      <controlfield tag='003'>Uk-CbPIL</controlfield>
      <controlfield tag='005'>20070524113622.0</controlfield>
      <datafield ind1=' ' ind2=' ' tag='040'>
        <subfield code='a'>UK-CbPIL</subfield>
        <subfield code='c'>UK-CbPIL</subfield>
      </datafield>
      <datafield ind1='1' ind2=' ' tag='100'>
        <subfield code='a'>Marshall, Jack,</subfield>
        <subfield code='d'>1936-</subfield>
      </datafield>
      <datafield ind1='1' ind2='0' tag='245'>
        <subfield code='a'>Arabian nights</subfield>
        <subfield code='h'>[electronic resource].</subfield>
      </datafield>
      <datafield ind1=' ' ind2=' ' tag='256'>
        <subfield code='a'>Electronic data.</subfield>
      </datafield>
      <datafield ind1=' ' ind2=' ' tag='260'>
        <subfield code='a'>Ann Arbor, MI. :</subfield>
        <subfield code='b'>Bell &amp; Howell Information and Learning Company.,</subfield>
        <subfield code='c'>2000.</subfield>
      </datafield>
      <datafield ind1=' ' ind2=' ' tag='500'>
        <subfield code='a'>Preliminaries omitted.</subfield>
      </datafield>
      <datafield ind1='1' ind2=' ' tag='506'>
        <subfield code='a'>Access limited to UNC Chapel Hill-authenticated users.</subfield>
        <subfield code='f'>Unlimited simultaneous users</subfield>
      </datafield>
      <datafield ind1=' ' ind2=' ' tag='534'>
        <subfield code='p'>Transcribed from:</subfield>
        <subfield code='a'>Marshall, Jack, 1936-.</subfield>
        <subfield code='t'>Arabian nights</subfield>
        <subfield code='c'>Minneapolis : Coffee House Press, 1986.</subfield>
        <subfield code='e'>[5], 101 p.</subfield>
        <subfield code='z'>0918273285.</subfield>
      </datafield>
      <datafield ind1=' ' ind2=' ' tag='538'>
        <subfield code='a'>Mode of access: World Wide Web.</subfield>
      </datafield>
      <datafield ind1='0' ind2=' ' tag='773'>
        <subfield code='t'>Literature online (online collection). Texts. Poetry. Twentieth-century American poetry</subfield>
      </datafield>
      <datafield ind1='4' ind2='0' tag='856'>
        <subfield code='s'>150Kb</subfield>
        <subfield code='u'>http://libproxy.lib.unc.edu/login?url=http://gateway.proquest.com/openurl?ctx_ver=Z39.88-2003&amp;xri:pqil:res_ver=0.2&amp;res_id=xri:lion-us&amp;rft_id=xri:lion:po:Z000367198</subfield>
        <subfield code='y'>Full text available via the UNC-Chapel Hill Libraries</subfield>
        <subfield code='x'>LION electronic book</subfield>
      </datafield>
      <datafield ind1=' ' ind2=' ' tag='907'>
        <subfield code='a'>b5228748</subfield>
      </datafield>
  </record>