
  <record>
    <leader>00000ngm a2200457Ia 4500</leader>
      <controlfield tag='006'>m    |o  c |</controlfield>
      <controlfield tag='007'>cr cnannnuuuuu</controlfield>
      <controlfield tag='007'>vz czazzu</controlfield>
      <controlfield tag='008'>110207s2005||||nyu029 |     |o   vleng|d</controlfield>
      <controlfield tag='001'>FMGFOD5941</controlfield>
      <controlfield tag='003'>FOD</controlfield>
      <controlfield tag='005'>20120926151047.0</controlfield>
      <datafield ind1='4' ind2='0' tag='028'>
        <subfield code='a'>5941</subfield>
        <subfield code='b'>Films Media Group</subfield>
      </datafield>
      <datafield ind1=' ' ind2=' ' tag='035'>
        <subfield code='a'>(OCoLC)707965178</subfield>
      </datafield>
      <datafield ind1=' ' ind2=' ' tag='040'>
        <subfield code='a'>AzPhAEM</subfield>
        <subfield code='b'>eng</subfield>
      </datafield>
      <datafield ind1='0' ind2='0' tag='245'>
        <subfield code='a'>Congress</subfield>
        <subfield code='h'>[electronic resource] :</subfield>
        <subfield code='b'>day in the life of representative /</subfield>
        <subfield code='c'>University of Notre Dame.</subfield>
      </datafield>
      <datafield ind1='3' ind2=' ' tag='246'>
        <subfield code='a'>Day in the life of representative</subfield>
      </datafield>
      <datafield ind1='3' ind2=' ' tag='260'>
        <subfield code='a'>New York, N.Y. :</subfield>
        <subfield code='b'>Films Media Group,</subfield>
        <subfield code='c'>[2005], c1995.</subfield>
      </datafield>
      <datafield ind1=' ' ind2=' ' tag='300'>
        <subfield code='a'>1 streaming video (29 min.)</subfield>
      </datafield>
      <datafield ind1=' ' ind2=' ' tag='336'>
        <subfield code='a'>two-dimensional moving image</subfield>
        <subfield code='b'>tdi</subfield>
        <subfield code='2'>rdacontent</subfield>
      </datafield>
      <datafield ind1=' ' ind2=' ' tag='337'>
        <subfield code='a'>computer</subfield>
        <subfield code='b'>c</subfield>
        <subfield code='2'>rdamedia</subfield>
      </datafield>
      <datafield ind1=' ' ind2=' ' tag='338'>
        <subfield code='a'>online resource</subfield>
        <subfield code='b'>cr</subfield>
        <subfield code='2'>rdacarrier</subfield>
      </datafield>
      <datafield ind1='0' ind2=' ' tag='505'>
        <subfield code='a'>Typical Day for Two Politicians (3:23) -- Ego or Public Service (3:03) -- Congressman Tim Roemer&apos;s Day (3:31) -- Congresswoman Sue Myrick&apos;s Day (3:44) -- Affecting Change (4:46) -- Negative Image (2:53) -- Running for Office (5:52)</subfield>
      </datafield>
      <datafield ind1='1' ind2=' ' tag='506'>
        <subfield code='a'>Access limited to UNC Chapel Hill-authenticated users.</subfield>
        <subfield code='f'>Unlimited simultaneous users</subfield>
      </datafield>
      <datafield ind1=' ' ind2=' ' tag='520'>
        <subfield code='a'>The 535 elected U.S. Senators and Representatives carry with them the desires and opinions of over 200 million Americans. Congress is often accused of being out of touch with the people-but what does the system demand of them? Is there enough time in the day to satisfy all of the varied interests and mandates of the job? This program explores the world through the eyes of those we elect. From the political meetings to the social functions to the time spent campaigning, this program examines what politicians really do-and have to endure-in Washington. Among those featured on the program are Rep. Tim Roemer (D-IN), and Rep. Sue Myrick (R-NC)</subfield>
      </datafield>
      <datafield ind1='0' ind2=' ' tag='588'>
        <subfield code='a'>Title from distributor&apos;s description.</subfield>
      </datafield>
      <datafield ind1=' ' ind2='0' tag='650'>
        <subfield code='a'>Democracy</subfield>
        <subfield code='z'>United States.</subfield>
      </datafield>
      <datafield ind1=' ' ind2='0' tag='650'>
        <subfield code='a'>Legislation</subfield>
        <subfield code='z'>United States.</subfield>
      </datafield>
      <datafield ind1=' ' ind2='0' tag='651'>
        <subfield code='a'>United States</subfield>
        <subfield code='x'>Economic conditions.</subfield>
      </datafield>
      <datafield ind1=' ' ind2='0' tag='651'>
        <subfield code='a'>United States</subfield>
        <subfield code='x'>Politics and government.</subfield>
      </datafield>
      <datafield ind1=' ' ind2='0' tag='655'>
        <subfield code='a'>Educational films.</subfield>
      </datafield>
      <datafield ind1='2' ind2=' ' tag='710'>
        <subfield code='a'>University of Notre Dame.</subfield>
      </datafield>
      <datafield ind1='0' ind2=' ' tag='773'>
        <subfield code='t'>FMG films on demand (online collection)</subfield>
      </datafield>
      <datafield ind1='4' ind2='0' tag='856'>
        <subfield code='u'>http://libproxy.lib.unc.edu/login?url=http://fod.infobase.com/PortalPlaylists.aspx?wID=102632&amp;xtid=5941</subfield>
        <subfield code='y'>Streaming video available via the UNC-Chapel Hill Libraries</subfield>
        <subfield code='x'>FMG Films on Demand</subfield>
      </datafield>
      <datafield ind1=' ' ind2=' ' tag='919'>
        <subfield code='a'>filmfinder</subfield>
      </datafield>
      <datafield ind1=' ' ind2='1' tag='907'>
        <subfield code='a'>b6983427</subfield>
      </datafield>
  </record>