
  <record>
    <leader>00000cam a2200313I  4500</leader>
      <controlfield tag='008'>821018s1967    rb af         000 0 eng  </controlfield>
      <controlfield tag='001'>8867995</controlfield>
      <controlfield tag='005'>19960913170037.0</controlfield>
      <datafield ind1=' ' ind2=' ' tag='010'>
        <subfield code='a'>68124887</subfield>
      </datafield>
      <datafield ind1=' ' ind2=' ' tag='040'>
        <subfield code='a'>DLC</subfield>
        <subfield code='c'>SER</subfield>
        <subfield code='d'>NOC</subfield>
      </datafield>
      <datafield ind1='1' ind2=' ' tag='041'>
        <subfield code='a'>eng</subfield>
        <subfield code='h'>und</subfield>
      </datafield>
      <datafield ind1='0' ind2=' ' tag='050'>
        <subfield code='a'>ND2811.O35</subfield>
        <subfield code='b'>K653</subfield>
      </datafield>
      <datafield ind1=' ' ind2=' ' tag='082'>
        <subfield code='a'>751.7/3/094976</subfield>
      </datafield>
      <datafield ind1='1' ind2=' ' tag='100'>
        <subfield code='a'>Ḱornakov, Dimitar.</subfield>
      </datafield>
      <datafield ind1='1' ind2='0' tag='245'>
        <subfield code='a'>St. Clement in Ochrid.</subfield>
      </datafield>
      <datafield ind1=' ' ind2=' ' tag='260'>
        <subfield code='a'>Beograd,</subfield>
        <subfield code='b'>&quot;Jugoslavija,&quot;</subfield>
        <subfield code='c'>1967.</subfield>
      </datafield>
      <datafield ind1=' ' ind2=' ' tag='300'>
        <subfield code='a'>x, 48 p. of plates</subfield>
        <subfield code='b'>illus.</subfield>
        <subfield code='c'>17 cm.</subfield>
      </datafield>
      <datafield ind1=' ' ind2=' ' tag='500'>
        <subfield code='a'>At head of title: Dimitar Čornakov.</subfield>
      </datafield>
      <datafield ind1=' ' ind2=' ' tag='500'>
        <subfield code='a'>Translation of Sveti Kliment u Ohridu.</subfield>
      </datafield>
      <datafield ind1='2' ind2='0' tag='610'>
        <subfield code='a'>Crkva Sv. Kliment (Ohrid, Macedonia)</subfield>
      </datafield>
      <datafield ind1=' ' ind2='0' tag='650'>
        <subfield code='a'>Mural painting and decoration, Medieval</subfield>
        <subfield code='z'>Macedonia (Republic)</subfield>
        <subfield code='z'>Ohrid.</subfield>
      </datafield>
      <datafield ind1=' ' ind2='0' tag='650'>
        <subfield code='a'>Mural painting and decoration, Macedonian</subfield>
        <subfield code='z'>Macedonia (Republic)</subfield>
        <subfield code='z'>Ohrid.</subfield>
      </datafield>
      <datafield ind1=' ' ind2='0' tag='830'>
        <subfield code='a'>Medieval art in Yugoslavia.</subfield>
      </datafield>
      <datafield ind1=' ' ind2=' ' tag='907'>
        <subfield code='a'>b2920821</subfield>
      </datafield>
      <datafield ind1='9' ind2='1' tag='999'>
        <subfield code='i'>i4164057</subfield>
        <subfield code='l'>trln</subfield>
        <subfield code='s'>-</subfield>
        <subfield code='t'>0</subfield>
        <subfield code='c'>1</subfield>
        <subfield code='o'>1</subfield>
        <subfield code='b'>00012612425</subfield>
        <subfield code='p'>090</subfield>
        <subfield code='q'>|aND2811.O35 K653</subfield>
      </datafield>
  </record>