
  <record>
    <leader>00000cam a2200313 a 4500</leader>
      <controlfield tag='008'>991026s1999    ru ab         000 0druso </controlfield>
      <controlfield tag='001'>45800070</controlfield>
      <controlfield tag='005'>20010423152246.0</controlfield>
      <datafield ind1=' ' ind2=' ' tag='010'>
        <subfield code='a'>00352035</subfield>
      </datafield>
      <datafield ind1=' ' ind2=' ' tag='020'>
        <subfield code='a'>5797400227</subfield>
      </datafield>
      <datafield ind1=' ' ind2=' ' tag='040'>
        <subfield code='a'>DLC</subfield>
        <subfield code='c'>DLC</subfield>
        <subfield code='d'>NOC</subfield>
      </datafield>
      <datafield ind1=' ' ind2=' ' tag='043'>
        <subfield code='a'>e-ru---</subfield>
      </datafield>
      <datafield ind1='0' ind2='0' tag='050'>
        <subfield code='a'>PG3476.Z55</subfield>
        <subfield code='b'>A6 1999</subfield>
      </datafield>
      <datafield ind1='0' ind2='0' tag='245'>
        <subfield code='a'>Zov rodnoĭ zemli :</subfield>
        <subfield code='b'>vspomina︠i︡a zabytogo poėta.</subfield>
      </datafield>
      <datafield ind1=' ' ind2=' ' tag='260'>
        <subfield code='a'>Moskva :</subfield>
        <subfield code='b'>IKAR,</subfield>
        <subfield code='c'>1999.</subfield>
      </datafield>
      <datafield ind1=' ' ind2=' ' tag='300'>
        <subfield code='a'>296 p. :</subfield>
        <subfield code='b'>ill., map ;</subfield>
        <subfield code='c'>21 cm.</subfield>
      </datafield>
      <datafield ind1='0' ind2=' ' tag='505'>
        <subfield code='a'>I  ︠i︡a s Dubny / Z. Pozdeeva -- Vechnosti glubokiĭ aromat : stikhi / L. Zilov -- Vozvrashchennyĭ Pushkin : novelly / L. Zilov.</subfield>
      </datafield>
      <datafield ind1='1' ind2='0' tag='600'>
        <subfield code='a'>Pushkin, Aleksandr Sergeevich,</subfield>
        <subfield code='d'>1799-1837</subfield>
        <subfield code='v'>Fiction.</subfield>
      </datafield>
      <datafield ind1='1' ind2='0' tag='600'>
        <subfield code='a'>Zilov, Lev</subfield>
        <subfield code='x'>Homes and haunts</subfield>
        <subfield code='z'>Russia (Federation)</subfield>
        <subfield code='z'>Taldom Region.</subfield>
      </datafield>
      <datafield ind1=' ' ind2='0' tag='650'>
        <subfield code='a'>Authors, Russian</subfield>
        <subfield code='y'>20th century</subfield>
        <subfield code='v'>Biography.</subfield>
      </datafield>
      <datafield ind1='1' ind2='2' tag='700'>
        <subfield code='a'>Pozdeeva, Zinaida.</subfield>
        <subfield code='t'>I i͡a s Dubny.</subfield>
      </datafield>
      <datafield ind1='1' ind2='2' tag='700'>
        <subfield code='a'>Zilov, Lev.</subfield>
        <subfield code='t'>Vechnosti glubokiĭ aromat.</subfield>
      </datafield>
      <datafield ind1='1' ind2='2' tag='700'>
        <subfield code='a'>Zilov, Lev.</subfield>
        <subfield code='t'>Vozvrashchennyĭ Pushkin.</subfield>
      </datafield>
      <datafield ind1=' ' ind2=' ' tag='907'>
        <subfield code='a'>b3802285</subfield>
      </datafield>
      <datafield ind1='9' ind2='1' tag='999'>
        <subfield code='i'>i5280631</subfield>
        <subfield code='l'>ddda</subfield>
        <subfield code='s'>-</subfield>
        <subfield code='t'>0</subfield>
        <subfield code='c'>1</subfield>
        <subfield code='o'>0</subfield>
        <subfield code='b'>00019063255</subfield>
        <subfield code='p'>090</subfield>
        <subfield code='q'>|aPG3476.Z55 A6 1999</subfield>
      </datafield>
  </record>