
  <record>
    <leader>00000nam  2200229   4500</leader>
      <controlfield tag='008'>800809s1733||||enk|||||a|||||00| ||eng|d</controlfield>
      <controlfield tag='001'>M-ESTCT103129</controlfield>
      <controlfield tag='005'>19980722162030.0</controlfield>
      <datafield ind1=' ' ind2=' ' tag='040'>
        <subfield code='a'>Uk-ES</subfield>
        <subfield code='c'>Uk-ES</subfield>
        <subfield code='d'>CStRLIN</subfield>
        <subfield code='d'>ResP</subfield>
      </datafield>
      <datafield ind1='1' ind2=' ' tag='100'>
        <subfield code='a'>Jackson, John,</subfield>
        <subfield code='d'>1686-1763.</subfield>
      </datafield>
      <datafield ind1='1' ind2='3' tag='245'>
        <subfield code='a'>An answer to a book entitled, Things divine and supernatural</subfield>
        <subfield code='b'>conceiv&apos;d by analogy with things natural and human. In which answer it is prov&apos;d, that the author&apos;s notion of divine analogy is immediately destructive of all religion, ... By a presbyter of the Church of England.</subfield>
      </datafield>
      <datafield ind1=' ' ind2=' ' tag='260'>
        <subfield code='a'>London :</subfield>
        <subfield code='b'>printed for J. Noon; and sold by A. Dodd, and H. Whitridge,</subfield>
        <subfield code='c'>1733.</subfield>
      </datafield>
      <datafield ind1=' ' ind2=' ' tag='300'>
        <subfield code='a'>63,[5]p. ;</subfield>
        <subfield code='c'>8̕.</subfield>
      </datafield>
      <datafield ind1=' ' ind2=' ' tag='500'>
        <subfield code='a'>Presbyter of the Church of England = John Jackson.</subfield>
      </datafield>
      <datafield ind1=' ' ind2=' ' tag='500'>
        <subfield code='a'>Author of &apos;Things divine and supernatural&apos; = Peter Brown - With two final advertisement leaves for J. Noon.</subfield>
      </datafield>
      <datafield ind1=' ' ind2=' ' tag='533'>
        <subfield code='a'>Microfilm.</subfield>
        <subfield code='b'>Woodbridge, CT</subfield>
        <subfield code='c'>Research Publications, Inc.,</subfield>
        <subfield code='d'>1986.</subfield>
        <subfield code='e'>1 reel ; 35mm.</subfield>
        <subfield code='f'>(The Eighteenth Century ; reel 8088, no.04).</subfield>
      </datafield>
      <datafield ind1=' ' ind2='0' tag='830'>
        <subfield code='a'>Eighteenth century ;</subfield>
        <subfield code='v'>reel 8088, no. 04.</subfield>
      </datafield>
      <datafield ind1=' ' ind2=' ' tag='907'>
        <subfield code='a'>b3898362</subfield>
      </datafield>
      <datafield ind1='9' ind2='1' tag='999'>
        <subfield code='i'>i5380958</subfield>
        <subfield code='l'>dgdaa</subfield>
        <subfield code='s'>-</subfield>
        <subfield code='t'>28</subfield>
        <subfield code='c'>1</subfield>
        <subfield code='o'>0</subfield>
        <subfield code='b'>HBDL-4076-00001</subfield>
        <subfield code='p'>099</subfield>
        <subfield code='q'>|a1-2586 reel 8088, no.04</subfield>
      </datafield>
  </record>