
  <record>
    <leader>00000cam a2200229I  4500</leader>
      <controlfield tag='008'>910612s1921    nyu           000 0 eng  </controlfield>
      <controlfield tag='001'>4845218</controlfield>
      <controlfield tag='005'>19910612000000.0</controlfield>
      <datafield ind1=' ' ind2=' ' tag='010'>
        <subfield code='a'>21000793</subfield>
      </datafield>
      <datafield ind1=' ' ind2=' ' tag='040'>
        <subfield code='a'>DLC</subfield>
        <subfield code='c'>CLE</subfield>
      </datafield>
      <datafield ind1=' ' ind2=' ' tag='050'>
        <subfield code='a'>PS3509.N57</subfield>
        <subfield code='b'>I6 1921</subfield>
      </datafield>
      <datafield ind1='1' ind2=' ' tag='100'>
        <subfield code='a'>Eno, Henry Lane,</subfield>
        <subfield code='d'>1871-1928.</subfield>
      </datafield>
      <datafield ind1='1' ind2='0' tag='245'>
        <subfield code='a'>Indian summer,</subfield>
        <subfield code='c'>by Henry Lane Eno.</subfield>
      </datafield>
      <datafield ind1=' ' ind2=' ' tag='260'>
        <subfield code='a'>New York,</subfield>
        <subfield code='b'>Duffield &amp; company,</subfield>
        <subfield code='c'>1921.</subfield>
      </datafield>
      <datafield ind1=' ' ind2=' ' tag='300'>
        <subfield code='a'>4 p. ℓ., 3-73 p.</subfield>
        <subfield code='c'>20 cm.</subfield>
      </datafield>
      <datafield ind1=' ' ind2=' ' tag='500'>
        <subfield code='a'>Poems.</subfield>
      </datafield>
      <datafield ind1=' ' ind2=' ' tag='907'>
        <subfield code='a'>b1604334</subfield>
      </datafield>
      <datafield ind1='9' ind2='1' tag='999'>
        <subfield code='i'>i2280000</subfield>
        <subfield code='l'>trln</subfield>
        <subfield code='s'>-</subfield>
        <subfield code='t'>0</subfield>
        <subfield code='c'>1</subfield>
        <subfield code='o'>1</subfield>
        <subfield code='b'>00031286607</subfield>
        <subfield code='p'>090</subfield>
        <subfield code='q'>|aPS3509.N57 I6 1921</subfield>
      </datafield>
  </record>