
  <record>
    <leader>00000cam  22003494a 4500</leader>
      <controlfield tag='008'>070323s2007    vau      b    000 0 eng  </controlfield>
      <controlfield tag='001'>87791849</controlfield>
      <controlfield tag='003'>OCoLC</controlfield>
      <controlfield tag='005'>20080123115831.0</controlfield>
      <datafield ind1=' ' ind2=' ' tag='010'>
        <subfield code='a'>2007012668</subfield>
      </datafield>
      <datafield ind1=' ' ind2=' ' tag='020'>
        <subfield code='a'>9780873535991</subfield>
      </datafield>
      <datafield ind1=' ' ind2=' ' tag='020'>
        <subfield code='a'>0873535995</subfield>
      </datafield>
      <datafield ind1=' ' ind2=' ' tag='035'>
        <subfield code='a'>(OCoLC)87791849</subfield>
      </datafield>
      <datafield ind1=' ' ind2=' ' tag='040'>
        <subfield code='a'>DLC</subfield>
        <subfield code='c'>DLC</subfield>
        <subfield code='d'>BTCTA</subfield>
        <subfield code='d'>YDXCP</subfield>
        <subfield code='d'>NOC</subfield>
      </datafield>
      <datafield ind1=' ' ind2=' ' tag='043'>
        <subfield code='a'>n-us---</subfield>
      </datafield>
      <datafield ind1=' ' ind2=' ' tag='049'>
        <subfield code='a'>NOCC</subfield>
      </datafield>
      <datafield ind1='0' ind2='0' tag='050'>
        <subfield code='a'>QA13</subfield>
        <subfield code='b'>.P469 2007</subfield>
      </datafield>
      <datafield ind1='0' ind2='0' tag='082'>
        <subfield code='a'>510.71</subfield>
        <subfield code='2'>22</subfield>
      </datafield>
      <datafield ind1='0' ind2='0' tag='245'>
        <subfield code='a'>Perspectives on the design and development of school mathematics curricula /</subfield>
        <subfield code='c'>edited by Christian R. Hirsch.</subfield>
      </datafield>
      <datafield ind1=' ' ind2=' ' tag='260'>
        <subfield code='a'>Reston, VA :</subfield>
        <subfield code='b'>National Council of Teachers of Mathematics,</subfield>
        <subfield code='c'>c2007.</subfield>
      </datafield>
      <datafield ind1=' ' ind2=' ' tag='300'>
        <subfield code='a'>xiii, 199 p. ;</subfield>
        <subfield code='c'>23 cm.</subfield>
      </datafield>
      <datafield ind1=' ' ind2=' ' tag='504'>
        <subfield code='a'>Includes bibliographical references.</subfield>
      </datafield>
      <datafield ind1=' ' ind2='0' tag='650'>
        <subfield code='a'>Mathematics</subfield>
        <subfield code='x'>Study and teaching</subfield>
        <subfield code='z'>United States.</subfield>
      </datafield>
      <datafield ind1=' ' ind2='0' tag='650'>
        <subfield code='a'>Curriculum planning</subfield>
        <subfield code='z'>United States.</subfield>
      </datafield>
      <datafield ind1=' ' ind2='0' tag='650'>
        <subfield code='a'>Education</subfield>
        <subfield code='x'>Standards</subfield>
        <subfield code='z'>United States.</subfield>
      </datafield>
      <datafield ind1='1' ind2=' ' tag='700'>
        <subfield code='a'>Hirsch, Christian R.</subfield>
      </datafield>
      <datafield ind1='2' ind2=' ' tag='710'>
        <subfield code='a'>National Council of Teachers of Mathematics.</subfield>
      </datafield>
      <datafield ind1='4' ind2='8' tag='856'>
        <subfield code='3'>Table of contents only</subfield>
        <subfield code='u'>http://www.loc.gov/catdir/toc/ecip0713/2007012668.html</subfield>
      </datafield>
      <datafield ind1=' ' ind2=' ' tag='907'>
        <subfield code='a'>b5323861</subfield>
      </datafield>
      <datafield ind1='9' ind2='1' tag='999'>
        <subfield code='i'>i7035144</subfield>
        <subfield code='l'>bbla</subfield>
        <subfield code='s'>-</subfield>
        <subfield code='t'>0</subfield>
        <subfield code='c'>1</subfield>
        <subfield code='o'>1</subfield>
        <subfield code='b'>00030289731</subfield>
        <subfield code='p'>050</subfield>
        <subfield code='q'>|aQA13|b.P469 2007</subfield>
      </datafield>
  </record>