
  <record>
    <leader>00000cas a2200709 a 4500</leader>
      <controlfield tag='008'>760924c19659999ncuar1        0   a0eng  </controlfield>
      <controlfield tag='001'>2461535</controlfield>
      <controlfield tag='005'>19920605152705.4</controlfield>
      <datafield ind1=' ' ind2=' ' tag='010'>
        <subfield code='a'>68054949</subfield>
      </datafield>
      <datafield ind1='0' ind2=' ' tag='022'>
        <subfield code='a'>0584-4150</subfield>
      </datafield>
      <datafield ind1=' ' ind2=' ' tag='040'>
        <subfield code='a'>DLC</subfield>
        <subfield code='c'>KSU</subfield>
        <subfield code='d'>IUL</subfield>
        <subfield code='d'>DLC</subfield>
        <subfield code='d'>NSD</subfield>
        <subfield code='d'>NST</subfield>
        <subfield code='d'>NOC</subfield>
      </datafield>
      <datafield ind1=' ' ind2=' ' tag='042'>
        <subfield code='a'>lc</subfield>
        <subfield code='a'>nsdp</subfield>
      </datafield>
      <datafield ind1=' ' ind2=' ' tag='043'>
        <subfield code='a'>e------</subfield>
      </datafield>
      <datafield ind1='2' ind2=' ' tag='111'>
        <subfield code='a'>Southeastern Institute of Medieval and Renaissance Studies.</subfield>
      </datafield>
      <datafield ind1='1' ind2='0' tag='245'>
        <subfield code='a'>Medieval and Renaissance studies</subfield>
        <subfield code='h'>[serial] :</subfield>
        <subfield code='b'>proceedings of the Southeastern Institute of Medieval and Renaissance Studies.</subfield>
      </datafield>
      <datafield ind1=' ' ind2=' ' tag='260'>
        <subfield code='a'>Chapel Hill, N.C. :</subfield>
        <subfield code='b'>University of North Carolina Press,</subfield>
        <subfield code='c'>1966-</subfield>
      </datafield>
      <datafield ind1=' ' ind2=' ' tag='300'>
        <subfield code='a'>v. :</subfield>
        <subfield code='b'>ill., facsims. ;</subfield>
        <subfield code='c'>24 cm.</subfield>
      </datafield>
      <datafield ind1='0' ind2=' ' tag='362'>
        <subfield code='a'>[No. 1] (summer 1965)- .</subfield>
      </datafield>
      <datafield ind1=' ' ind2=' ' tag='500'>
        <subfield code='a'>Published alternately in Chapel Hill by the University of North Carolina Press and in Durham by the Duke University Press.</subfield>
      </datafield>
      <datafield ind1=' ' ind2=' ' tag='500'>
        <subfield code='a'>Editor: O.B. Hardison, Jr., 1966; No. 10 Summer 1979 George Mallary Masters.</subfield>
      </datafield>
      <datafield ind1=' ' ind2='0' tag='650'>
        <subfield code='a'>Renaissance</subfield>
        <subfield code='x'>Study and teaching (Higher)</subfield>
        <subfield code='v'>Congresses.</subfield>
      </datafield>
      <datafield ind1=' ' ind2='0' tag='650'>
        <subfield code='a'>Middle Ages</subfield>
        <subfield code='x'>Study and teaching (Higher)</subfield>
        <subfield code='v'>Congresses.</subfield>
      </datafield>
      <datafield ind1='1' ind2=' ' tag='700'>
        <subfield code='a'>Hardison, O. B.,</subfield>
        <subfield code='c'>Jr.</subfield>
        <subfield code='q'>(Osborne Bennett),</subfield>
        <subfield code='d'>1928-1990.</subfield>
        <subfield code='4'>edt</subfield>
      </datafield>
      <datafield ind1='1' ind2=' ' tag='700'>
        <subfield code='a'>Masters, G. Mallary</subfield>
        <subfield code='q'>(George Mallary)</subfield>
        <subfield code='4'>edt</subfield>
      </datafield>
      <datafield ind1='0' ind2=' ' tag='760'>
        <subfield code='t'>Medieval and Renaissance series</subfield>
        <subfield code='w'>(OCoLC)1605401</subfield>
      </datafield>
      <datafield ind1=' ' ind2='0' tag='830'>
        <subfield code='a'>Medieval and Renaissance series.</subfield>
      </datafield>
      <datafield ind1=' ' ind2=' ' tag='907'>
        <subfield code='a'>b1400588</subfield>
      </datafield>
      <datafield ind1='9' ind2='1' tag='999'>
        <subfield code='i'>i1939471</subfield>
        <subfield code='l'>trln</subfield>
        <subfield code='s'>-</subfield>
        <subfield code='t'>3</subfield>
        <subfield code='c'>1</subfield>
        <subfield code='o'>0</subfield>
        <subfield code='b'>00015097994</subfield>
        <subfield code='p'>090</subfield>
        <subfield code='q'>|aCB361|b.M42</subfield>
        <subfield code='v'>no.4(1968)</subfield>
      </datafield>
      <datafield ind1='9' ind2='1' tag='999'>
        <subfield code='i'>i1939460</subfield>
        <subfield code='l'>trln</subfield>
        <subfield code='s'>-</subfield>
        <subfield code='t'>3</subfield>
        <subfield code='c'>1</subfield>
        <subfield code='o'>0</subfield>
        <subfield code='b'>00015097949</subfield>
        <subfield code='p'>090</subfield>
        <subfield code='q'>|aCB361|b.M42</subfield>
        <subfield code='v'>no.1(1966)</subfield>
      </datafield>
      <datafield ind1='9' ind2='1' tag='999'>
        <subfield code='i'>i1939463</subfield>
        <subfield code='l'>trln</subfield>
        <subfield code='s'>-</subfield>
        <subfield code='t'>3</subfield>
        <subfield code='c'>1</subfield>
        <subfield code='o'>0</subfield>
        <subfield code='b'>00015097958</subfield>
        <subfield code='p'>090</subfield>
        <subfield code='q'>|aCB361|b.M42</subfield>
        <subfield code='v'>no.2(1968)</subfield>
      </datafield>
      <datafield ind1='9' ind2='1' tag='999'>
        <subfield code='i'>i1939465</subfield>
        <subfield code='l'>trln</subfield>
        <subfield code='s'>-</subfield>
        <subfield code='t'>3</subfield>
        <subfield code='c'>1</subfield>
        <subfield code='o'>2</subfield>
        <subfield code='b'>00015097985</subfield>
        <subfield code='p'>090</subfield>
        <subfield code='q'>|aCB361|b.M42</subfield>
        <subfield code='v'>no.3(1968)</subfield>
      </datafield>
      <datafield ind1='9' ind2='1' tag='999'>
        <subfield code='i'>i1939475</subfield>
        <subfield code='l'>trln</subfield>
        <subfield code='s'>-</subfield>
        <subfield code='t'>3</subfield>
        <subfield code='c'>2</subfield>
        <subfield code='o'>0</subfield>
        <subfield code='b'>00034668949</subfield>
        <subfield code='p'>090</subfield>
        <subfield code='q'>|aCB361|b.M42</subfield>
        <subfield code='v'>no.5(1971)</subfield>
      </datafield>
      <datafield ind1='9' ind2='1' tag='999'>
        <subfield code='i'>i1939477</subfield>
        <subfield code='l'>trln</subfield>
        <subfield code='s'>-</subfield>
        <subfield code='t'>3</subfield>
        <subfield code='c'>1</subfield>
        <subfield code='o'>10</subfield>
        <subfield code='b'>10000368996</subfield>
        <subfield code='p'>090</subfield>
        <subfield code='q'>|aCB361|b.M42</subfield>
        <subfield code='v'>no.6(1974)</subfield>
      </datafield>
      <datafield ind1='9' ind2='1' tag='999'>
        <subfield code='i'>i1939479</subfield>
        <subfield code='l'>trln</subfield>
        <subfield code='s'>-</subfield>
        <subfield code='t'>0</subfield>
        <subfield code='c'>1</subfield>
        <subfield code='o'>0</subfield>
        <subfield code='b'>00009174868</subfield>
        <subfield code='p'>090</subfield>
        <subfield code='q'>|aCB361|b.M42</subfield>
        <subfield code='v'>no.7(1978)</subfield>
      </datafield>
      <datafield ind1='9' ind2='1' tag='999'>
        <subfield code='i'>i1939483</subfield>
        <subfield code='l'>trln</subfield>
        <subfield code='s'>-</subfield>
        <subfield code='t'>3</subfield>
        <subfield code='c'>1</subfield>
        <subfield code='o'>0</subfield>
        <subfield code='b'>00014700488</subfield>
        <subfield code='p'>090</subfield>
        <subfield code='q'>|aCB361|b.M42</subfield>
        <subfield code='v'>no.8(1979)</subfield>
      </datafield>
      <datafield ind1='9' ind2='1' tag='999'>
        <subfield code='i'>i4466510</subfield>
        <subfield code='l'>trln</subfield>
        <subfield code='s'>-</subfield>
        <subfield code='t'>0</subfield>
        <subfield code='c'>1</subfield>
        <subfield code='o'>1</subfield>
        <subfield code='b'>00014700479</subfield>
        <subfield code='p'>090</subfield>
        <subfield code='q'>|aCB361|b.M42 no. 9</subfield>
        <subfield code='v'>no.9</subfield>
      </datafield>
      <datafield ind1='9' ind2='1' tag='999'>
        <subfield code='i'>i1939485</subfield>
        <subfield code='l'>trln</subfield>
        <subfield code='s'>o</subfield>
        <subfield code='t'>0</subfield>
        <subfield code='c'>1</subfield>
        <subfield code='o'>0</subfield>
        <subfield code='b'>00015097967</subfield>
        <subfield code='p'>090</subfield>
        <subfield code='q'>|aCB361|b.M42</subfield>
        <subfield code='v'>no.10(1984)</subfield>
      </datafield>
      <datafield ind1='9' ind2='1' tag='999'>
        <subfield code='i'>i1939459</subfield>
        <subfield code='l'>mmda</subfield>
        <subfield code='s'>-</subfield>
        <subfield code='t'>2</subfield>
        <subfield code='c'>1</subfield>
        <subfield code='o'>0</subfield>
        <subfield code='b'>HAHN-9336-00001</subfield>
        <subfield code='p'>090</subfield>
        <subfield code='q'>|aCB361|b.M42</subfield>
        <subfield code='v'>no.9</subfield>
      </datafield>
      <datafield ind1='9' ind2='1' tag='999'>
        <subfield code='i'>i1939457</subfield>
        <subfield code='l'>wbda</subfield>
        <subfield code='s'>o</subfield>
        <subfield code='t'>0</subfield>
        <subfield code='c'>1</subfield>
        <subfield code='o'>0</subfield>
        <subfield code='b'>HBHG-0751-00001</subfield>
        <subfield code='p'>099</subfield>
        <subfield code='q'>|aC378 UJ29</subfield>
        <subfield code='v'>no.1(1965)</subfield>
      </datafield>
      <datafield ind1='9' ind2='1' tag='999'>
        <subfield code='i'>i1939461</subfield>
        <subfield code='l'>wbda</subfield>
        <subfield code='s'>o</subfield>
        <subfield code='t'>0</subfield>
        <subfield code='c'>1</subfield>
        <subfield code='o'>0</subfield>
        <subfield code='b'>HBHG-0751-00002</subfield>
        <subfield code='p'>099</subfield>
        <subfield code='q'>|aC378 UJ29</subfield>
        <subfield code='v'>no.2(1966)</subfield>
      </datafield>
      <datafield ind1='9' ind2='1' tag='999'>
        <subfield code='i'>i1939462</subfield>
        <subfield code='l'>wbda</subfield>
        <subfield code='s'>-</subfield>
        <subfield code='t'>0</subfield>
        <subfield code='c'>2</subfield>
        <subfield code='o'>0</subfield>
        <subfield code='b'>00031653997</subfield>
        <subfield code='p'>099</subfield>
        <subfield code='q'>|aC378 UJ29</subfield>
        <subfield code='v'>no.2(1966)</subfield>
      </datafield>
      <datafield ind1='9' ind2='1' tag='999'>
        <subfield code='i'>i1939464</subfield>
        <subfield code='l'>wbda</subfield>
        <subfield code='s'>-</subfield>
        <subfield code='t'>0</subfield>
        <subfield code='c'>3</subfield>
        <subfield code='o'>0</subfield>
        <subfield code='b'>00031654004</subfield>
        <subfield code='p'>099</subfield>
        <subfield code='q'>|aC378 UJ29</subfield>
        <subfield code='v'>no.2(1966)</subfield>
      </datafield>
      <datafield ind1='9' ind2='1' tag='999'>
        <subfield code='i'>i1939466</subfield>
        <subfield code='l'>wbda</subfield>
        <subfield code='s'>o</subfield>
        <subfield code='t'>0</subfield>
        <subfield code='c'>1</subfield>
        <subfield code='o'>0</subfield>
        <subfield code='b'>HBHG-0751-00005</subfield>
        <subfield code='p'>099</subfield>
        <subfield code='q'>|aC378 UJ29</subfield>
        <subfield code='v'>no.3(1967)</subfield>
      </datafield>
      <datafield ind1='9' ind2='1' tag='999'>
        <subfield code='i'>i1939470</subfield>
        <subfield code='l'>wbda</subfield>
        <subfield code='s'>o</subfield>
        <subfield code='t'>0</subfield>
        <subfield code='c'>1</subfield>
        <subfield code='o'>0</subfield>
        <subfield code='b'>HBHG-0751-00006</subfield>
        <subfield code='p'>099</subfield>
        <subfield code='q'>|aC378 UJ29</subfield>
        <subfield code='v'>no.4(1968)</subfield>
      </datafield>
      <datafield ind1='9' ind2='1' tag='999'>
        <subfield code='i'>i1939473</subfield>
        <subfield code='l'>wbda</subfield>
        <subfield code='s'>o</subfield>
        <subfield code='t'>0</subfield>
        <subfield code='c'>1</subfield>
        <subfield code='o'>0</subfield>
        <subfield code='b'>HBHG-0751-00007</subfield>
        <subfield code='p'>099</subfield>
        <subfield code='q'>|aC378 UJ29</subfield>
        <subfield code='v'>no.5(1969)</subfield>
      </datafield>
      <datafield ind1='9' ind2='1' tag='999'>
        <subfield code='i'>i1939476</subfield>
        <subfield code='l'>wbda</subfield>
        <subfield code='s'>o</subfield>
        <subfield code='t'>0</subfield>
        <subfield code='c'>1</subfield>
        <subfield code='o'>0</subfield>
        <subfield code='b'>HBHG-0751-00009</subfield>
        <subfield code='p'>099</subfield>
        <subfield code='q'>|aC378 UJ29</subfield>
        <subfield code='v'>no.6(1974)</subfield>
      </datafield>
      <datafield ind1='9' ind2='1' tag='999'>
        <subfield code='i'>i1939478</subfield>
        <subfield code='l'>wbda</subfield>
        <subfield code='s'>o</subfield>
        <subfield code='t'>0</subfield>
        <subfield code='c'>1</subfield>
        <subfield code='o'>0</subfield>
        <subfield code='b'>HBHG-0751-00010</subfield>
        <subfield code='p'>099</subfield>
        <subfield code='q'>|aC378 UJ29</subfield>
        <subfield code='v'>no.7(1975)</subfield>
      </datafield>
      <datafield ind1='9' ind2='1' tag='999'>
        <subfield code='i'>i1939481</subfield>
        <subfield code='l'>wbda</subfield>
        <subfield code='s'>o</subfield>
        <subfield code='t'>0</subfield>
        <subfield code='c'>1</subfield>
        <subfield code='o'>0</subfield>
        <subfield code='b'>HBHG-0751-00011</subfield>
        <subfield code='p'>099</subfield>
        <subfield code='q'>|aC378 UJ29</subfield>
        <subfield code='v'>no.8(1976)</subfield>
      </datafield>
      <datafield ind1='9' ind2='2' tag='999'>
        <subfield code='a'>c4809192</subfield>
        <subfield code='b'>trln</subfield>
        <subfield code='c'>0</subfield>
      </datafield>
      <datafield ind1='9' ind2='3' tag='999'>
        <subfield code='0'>c4809192</subfield>
        <subfield code='2'>852</subfield>
        <subfield code='3'>c</subfield>
        <subfield code='h'>CB361</subfield>
        <subfield code='i'>.M42</subfield>
        <subfield code='x'>ANALYZE ON REQUEST</subfield>
        <subfield code='x'>Trf fr Main</subfield>
      </datafield>
      <datafield ind1='9' ind2='3' tag='999'>
        <subfield code='0'>c4809192</subfield>
        <subfield code='2'>853</subfield>
        <subfield code='3'>y</subfield>
        <subfield code='8'>1</subfield>
        <subfield code='a'>no.</subfield>
        <subfield code='b'></subfield>
        <subfield code='i'>(year)</subfield>
      </datafield>
      <datafield ind1='9' ind2='3' tag='999'>
        <subfield code='0'>c4809192</subfield>
        <subfield code='2'>863</subfield>
        <subfield code='3'>h</subfield>
        <subfield code='8'>1.1</subfield>
        <subfield code='a'>1-10</subfield>
        <subfield code='i'>1966-1984</subfield>
      </datafield>
      <datafield ind1='9' ind2='2' tag='999'>
        <subfield code='a'>c1464573</subfield>
        <subfield code='b'>mmda</subfield>
        <subfield code='c'>0</subfield>
      </datafield>
      <datafield ind1='9' ind2='3' tag='999'>
        <subfield code='0'>c1464573</subfield>
        <subfield code='2'>852</subfield>
        <subfield code='3'>c</subfield>
        <subfield code='b'>577721</subfield>
        <subfield code='h'>CB361</subfield>
        <subfield code='i'>.M42</subfield>
        <subfield code='x'>ANALYZE ON REQUEST</subfield>
      </datafield>
      <datafield ind1='9' ind2='3' tag='999'>
        <subfield code='0'>c1464573</subfield>
        <subfield code='2'>853</subfield>
        <subfield code='3'>y</subfield>
        <subfield code='8'>1</subfield>
        <subfield code='a'>no.</subfield>
      </datafield>
      <datafield ind1='9' ind2='3' tag='999'>
        <subfield code='0'>c1464573</subfield>
        <subfield code='2'>863</subfield>
        <subfield code='3'>h</subfield>
        <subfield code='8'>1.1</subfield>
        <subfield code='a'>9</subfield>
      </datafield>
      <datafield ind1='9' ind2='2' tag='999'>
        <subfield code='a'>c1464572</subfield>
        <subfield code='b'>wbda</subfield>
        <subfield code='c'>0</subfield>
      </datafield>
      <datafield ind1='9' ind2='3' tag='999'>
        <subfield code='0'>c1464572</subfield>
        <subfield code='2'>852</subfield>
        <subfield code='3'>c</subfield>
        <subfield code='b'>572121</subfield>
        <subfield code='h'>C378</subfield>
        <subfield code='i'>UJ29</subfield>
      </datafield>
      <datafield ind1='9' ind2='3' tag='999'>
        <subfield code='0'>c1464572</subfield>
        <subfield code='2'>853</subfield>
        <subfield code='3'>y</subfield>
        <subfield code='8'>1</subfield>
        <subfield code='a'>no.</subfield>
        <subfield code='i'>(year)</subfield>
        <subfield code='t'>c.</subfield>
      </datafield>
      <datafield ind1='9' ind2='3' tag='999'>
        <subfield code='0'>c1464572</subfield>
        <subfield code='2'>866</subfield>
        <subfield code='3'>h</subfield>
        <subfield code='8'>0</subfield>
        <subfield code='a'>no.1-8 (1965-1976)</subfield>
      </datafield>
  </record>