
  <record>
    <leader>00000cam  2200421La 4500</leader>
      <controlfield tag='008'>120404s2012    ii ab  g b    001 0 eng d</controlfield>
      <controlfield tag='007'>ta</controlfield>
      <controlfield tag='001'>793080180</controlfield>
      <controlfield tag='003'>OCoLC</controlfield>
      <controlfield tag='005'>20130619054723.0</controlfield>
      <datafield ind1=' ' ind2=' ' tag='010'>
        <subfield code='a'>2012337102</subfield>
      </datafield>
      <datafield ind1=' ' ind2=' ' tag='020'>
        <subfield code='a'>9788183703192</subfield>
      </datafield>
      <datafield ind1=' ' ind2=' ' tag='020'>
        <subfield code='a'>8183703194</subfield>
      </datafield>
      <datafield ind1=' ' ind2=' ' tag='035'>
        <subfield code='a'>(OCoLC)793080180</subfield>
      </datafield>
      <datafield ind1=' ' ind2=' ' tag='037'>
        <subfield code='a'>Library of Congress -- New Delhi Overseas Office</subfield>
      </datafield>
      <datafield ind1=' ' ind2=' ' tag='040'>
        <subfield code='a'>DKAGE</subfield>
        <subfield code='b'>eng</subfield>
        <subfield code='c'>DKAGE</subfield>
        <subfield code='d'>DLC</subfield>
        <subfield code='d'>OCLCO</subfield>
        <subfield code='d'>NOC</subfield>
      </datafield>
      <datafield ind1=' ' ind2=' ' tag='043'>
        <subfield code='a'>ah-----</subfield>
      </datafield>
      <datafield ind1=' ' ind2=' ' tag='049'>
        <subfield code='a'>NOCC</subfield>
      </datafield>
      <datafield ind1=' ' ind2='4' tag='050'>
        <subfield code='a'>QC903.2.H56</subfield>
        <subfield code='b'>E58 2012</subfield>
      </datafield>
      <datafield ind1='0' ind2='4' tag='082'>
        <subfield code='a'>304.25095496</subfield>
        <subfield code='2'>23</subfield>
      </datafield>
      <datafield ind1='0' ind2='0' tag='245'>
        <subfield code='a'>Environment, development and social change in the Himalayan region /</subfield>
        <subfield code='c'>[edited by] Sakarama Somayaji &amp; Vimal Khawas.</subfield>
      </datafield>
      <datafield ind1=' ' ind2=' ' tag='260'>
        <subfield code='a'>New Delhi :</subfield>
        <subfield code='b'>Akansha Pub. House,</subfield>
        <subfield code='c'>2012.</subfield>
      </datafield>
      <datafield ind1=' ' ind2=' ' tag='300'>
        <subfield code='a'>xiv, 301 p. :</subfield>
        <subfield code='b'>ill., maps ;</subfield>
        <subfield code='c'>23 cm.</subfield>
      </datafield>
      <datafield ind1=' ' ind2=' ' tag='500'>
        <subfield code='a'>Contributed articles.</subfield>
      </datafield>
      <datafield ind1=' ' ind2=' ' tag='504'>
        <subfield code='a'>Includes bibliographical references and index.</subfield>
      </datafield>
      <datafield ind1=' ' ind2='0' tag='650'>
        <subfield code='a'>Climatic changes</subfield>
        <subfield code='x'>Social aspects</subfield>
        <subfield code='z'>Himalaya Mountains Region.</subfield>
      </datafield>
      <datafield ind1=' ' ind2='0' tag='650'>
        <subfield code='a'>Biodiversity</subfield>
        <subfield code='x'>Climatic factors</subfield>
        <subfield code='z'>Himalaya Mountains Region.</subfield>
      </datafield>
      <datafield ind1=' ' ind2='0' tag='650'>
        <subfield code='a'>Sustainable development</subfield>
        <subfield code='z'>Himalaya Mountains Region.</subfield>
      </datafield>
      <datafield ind1=' ' ind2='0' tag='650'>
        <subfield code='a'>Social change</subfield>
        <subfield code='z'>Himalaya Mountains Region.</subfield>
      </datafield>
      <datafield ind1=' ' ind2='0' tag='650'>
        <subfield code='a'>Women in development</subfield>
        <subfield code='z'>Himalaya Mountains Region.</subfield>
      </datafield>
      <datafield ind1='1' ind2=' ' tag='700'>
        <subfield code='a'>Somayaji, Sakarama.</subfield>
      </datafield>
      <datafield ind1='1' ind2=' ' tag='700'>
        <subfield code='a'>Khawas, Vimal.</subfield>
      </datafield>
      <datafield ind1=' ' ind2=' ' tag='907'>
        <subfield code='a'>b7419912</subfield>
      </datafield>
      <datafield ind1='9' ind2='1' tag='999'>
        <subfield code='i'>i10027735</subfield>
        <subfield code='l'>bbla</subfield>
        <subfield code='s'>-</subfield>
        <subfield code='t'>0</subfield>
        <subfield code='c'>1</subfield>
        <subfield code='o'>0</subfield>
        <subfield code='b'>00046504040</subfield>
        <subfield code='p'>050</subfield>
        <subfield code='q'>|aQC903.2.H56|bE58 2012</subfield>
      </datafield>
  </record>