
  <record>
    <leader>00000nam  2200241 i 4500</leader>
      <controlfield tag='008'>760830s1975    dcu          f000 0 eng d</controlfield>
      <controlfield tag='001'>2403942</controlfield>
      <datafield ind1=' ' ind2=' ' tag='035'>
        <subfield code='a'>(GPO)76006957</subfield>
      </datafield>
      <datafield ind1=' ' ind2=' ' tag='040'>
        <subfield code='a'>GPO</subfield>
        <subfield code='c'>GPO</subfield>
        <subfield code='d'>MvI-ran</subfield>
        <subfield code='d'>MvI-ran</subfield>
      </datafield>
      <datafield ind1=' ' ind2=' ' tag='074'>
        <subfield code='a'>834-F-5</subfield>
      </datafield>
      <datafield ind1='0' ind2=' ' tag='086'>
        <subfield code='a'>NS 1.20/2:E-76-10</subfield>
      </datafield>
      <datafield ind1='2' ind2=' ' tag='110'>
        <subfield code='a'>National Science Foundation (U.S.).</subfield>
        <subfield code='b'>Division of Science Education Resources Improvement.</subfield>
      </datafield>
      <datafield ind1='1' ind2='0' tag='245'>
        <subfield code='a'>Educational program restructuring :</subfield>
        <subfield code='b'>Pre-Service Teacher Education Program (PSTEP) : Restructuring the Undergraduate Learning Environment (RULE)</subfield>
      </datafield>
      <datafield ind1=' ' ind2=' ' tag='260'>
        <subfield code='a'>Washington :</subfield>
        <subfield code='b'>National Science Foundation, Division of Science Education Resources Improvement,</subfield>
        <subfield code='c'>1975.</subfield>
      </datafield>
      <datafield ind1=' ' ind2=' ' tag='300'>
        <subfield code='a'>[1], 8, [6] p. ;</subfield>
        <subfield code='c'>26 cm.</subfield>
      </datafield>
      <datafield ind1=' ' ind2=' ' tag='500'>
        <subfield code='a'>Cover title.</subfield>
      </datafield>
      <datafield ind1=' ' ind2='0' tag='650'>
        <subfield code='a'>Science</subfield>
        <subfield code='x'>Study and teaching</subfield>
        <subfield code='z'>United States.</subfield>
      </datafield>
      <datafield ind1=' ' ind2='0' tag='650'>
        <subfield code='a'>Teachers</subfield>
        <subfield code='x'>Training of</subfield>
        <subfield code='z'>United States.</subfield>
      </datafield>
      <datafield ind1='2' ind2=' ' tag='810'>
        <subfield code='a'>National Science Foundation (U.S.).</subfield>
        <subfield code='t'>Guide for preparation of proposals.</subfield>
      </datafield>
      <datafield ind1=' ' ind2=' ' tag='907'>
        <subfield code='a'>b3687923</subfield>
      </datafield>
      <datafield ind1='9' ind2='1' tag='999'>
        <subfield code='i'>i5132715</subfield>
        <subfield code='l'>dcpf</subfield>
        <subfield code='s'>-</subfield>
        <subfield code='t'>20</subfield>
        <subfield code='c'>1</subfield>
        <subfield code='o'>0</subfield>
        <subfield code='b'>HBBN-9203-00001</subfield>
        <subfield code='p'>086</subfield>
        <subfield code='q'>|aNS 1.20/2:E-76-10</subfield>
      </datafield>
  </record>