
  <record>
    <leader>00000ngm a2200481Ia 4500</leader>
      <controlfield tag='006'>m    |o  c |</controlfield>
      <controlfield tag='007'>cr cna</controlfield>
      <controlfield tag='007'>vz czazzu</controlfield>
      <controlfield tag='008'>140829s2012||||nyu050 |     |o   vleng|d</controlfield>
      <controlfield tag='001'>FMGFOD57640</controlfield>
      <controlfield tag='003'>FOD</controlfield>
      <controlfield tag='005'>20140830151047.0</controlfield>
      <datafield ind1='4' ind2='0' tag='028'>
        <subfield code='a'>57637s</subfield>
        <subfield code='b'>Films Media Group</subfield>
      </datafield>
      <datafield ind1='4' ind2='0' tag='028'>
        <subfield code='a'>57640</subfield>
        <subfield code='b'>Films Media Group</subfield>
      </datafield>
      <datafield ind1=' ' ind2=' ' tag='035'>
        <subfield code='a'>(OCoLC)889696831</subfield>
      </datafield>
      <datafield ind1=' ' ind2=' ' tag='040'>
        <subfield code='a'>AzPhAEM</subfield>
        <subfield code='b'>eng</subfield>
      </datafield>
      <datafield ind1='0' ind2='0' tag='245'>
        <subfield code='a'>Homo Erectus</subfield>
        <subfield code='h'>[electronic resource] :</subfield>
        <subfield code='b'>Episode 2 /</subfield>
        <subfield code='c'>BBC Worldwide Ltd.</subfield>
      </datafield>
      <datafield ind1='3' ind2=' ' tag='246'>
        <subfield code='a'>Episode 2</subfield>
      </datafield>
      <datafield ind1='3' ind2=' ' tag='260'>
        <subfield code='a'>New York, N.Y. :</subfield>
        <subfield code='b'>Films Media Group,</subfield>
        <subfield code='c'>[2014], c2012.</subfield>
      </datafield>
      <datafield ind1=' ' ind2=' ' tag='300'>
        <subfield code='a'>1 streaming video (50 min.))</subfield>
      </datafield>
      <datafield ind1=' ' ind2=' ' tag='336'>
        <subfield code='a'>two-dimensional moving image</subfield>
        <subfield code='b'>tdi</subfield>
        <subfield code='2'>rdacontent</subfield>
      </datafield>
      <datafield ind1=' ' ind2=' ' tag='337'>
        <subfield code='a'>computer</subfield>
        <subfield code='b'>c</subfield>
        <subfield code='2'>rdamedia</subfield>
      </datafield>
      <datafield ind1=' ' ind2=' ' tag='338'>
        <subfield code='a'>online resource</subfield>
        <subfield code='b'>cr</subfield>
        <subfield code='2'>rdacarrier</subfield>
      </datafield>
      <datafield ind1='0' ind2=' ' tag='505'>
        <subfield code='a'>Reconstructing Homo Erectus (1:30) -- Prehistoric Human Time Scale (1:56) -- Homo Erectus Origins (1:04) -- Nariokotome Boy (1:41) -- Homo Erectus Skeleton (2:41) -- Homo Erectus Anatomy (1:52) -- Homo Erectus Climate History (3:37) -- Homo Erectus Agility (3:17) -- Paranthropus Boisei (2:17) -- Homo Erectus Adaptability (4:18) -- Reconstructing Homo Erectus Musculature (2:32) -- Homo Erectus Running Experiment (2:49) -- Homo Erectus Fire Theory (3:42) -- Homo Erectus Development (1:43) -- Early Hominid Brain Size (2:04) -- Homo Erectus Tools (2:39) -- Modeling Nariokotome Boy (2:20) -- Homo Erectus Climate Suitability (1:46) -- Homo Erectus Compassion (3:47) -- Homo Erectus Revealed (3:42) -- Credits: Homo Erectus: Prehistoric Autopsy (0:35)</subfield>
      </datafield>
      <datafield ind1='1' ind2=' ' tag='506'>
        <subfield code='a'>Access limited to UNC Chapel Hill-authenticated users.</subfield>
        <subfield code='f'>Unlimited simultaneous users</subfield>
      </datafield>
      <datafield ind1=' ' ind2=' ' tag='520'>
        <subfield code='a'>At the Prehistoric Autopsy HQ in Glasgow, anatomist professor Alice Roberts and biologist Dr George McGavin go on an extraordinary evolutionary journey to meet three of our ancient ancestors. They travel the globe to gather evidence from leading scientists and work with model makers to reconstruct our predecessors-revealing how they lived and differences to modern humans. In Episode 2, the team recreates 1.5 million year old Nariokotome Boy. One of our most successful and longest lasting prehistoric ancestors, Homo Erectus was skilled at hunting, likely controlled fire, and may have helped others.</subfield>
      </datafield>
      <datafield ind1='2' ind2=' ' tag='521'>
        <subfield code='a'>9 &amp; up.</subfield>
      </datafield>
      <datafield ind1='0' ind2=' ' tag='588'>
        <subfield code='a'>Title from distributor&apos;s description.</subfield>
      </datafield>
      <datafield ind1=' ' ind2='0' tag='650'>
        <subfield code='a'>Fossil hominids.</subfield>
      </datafield>
      <datafield ind1=' ' ind2='0' tag='650'>
        <subfield code='a'>Homo erectus.</subfield>
      </datafield>
      <datafield ind1=' ' ind2='0' tag='655'>
        <subfield code='a'>Educational films.</subfield>
      </datafield>
      <datafield ind1='2' ind2=' ' tag='710'>
        <subfield code='a'>BBC Worldwide Ltd.</subfield>
      </datafield>
      <datafield ind1='0' ind2=' ' tag='773'>
        <subfield code='t'>FMG films on demand (online collection)</subfield>
      </datafield>
      <datafield ind1=' ' ind2='0' tag='830'>
        <subfield code='a'>Prehistoric autopsy.</subfield>
      </datafield>
      <datafield ind1='4' ind2='0' tag='856'>
        <subfield code='u'>http://libproxy.lib.unc.edu/login?url=http://fod.infobase.com/PortalPlaylists.aspx?wID=102632&amp;xtid=57640</subfield>
        <subfield code='y'>Streaming video available via the UNC-Chapel Hill Libraries</subfield>
        <subfield code='x'>FMG Films on Demand</subfield>
      </datafield>
      <datafield ind1=' ' ind2=' ' tag='919'>
        <subfield code='a'>filmfinder</subfield>
      </datafield>
      <datafield ind1=' ' ind2='1' tag='907'>
        <subfield code='a'>b7924266</subfield>
      </datafield>
  </record>