
  <record>
    <leader>00000cam a2200397Ii 4500</leader>
      <controlfield tag='008'>150219t20152015mdu      b    001 0 eng d</controlfield>
      <controlfield tag='001'>903675303</controlfield>
      <controlfield tag='003'>OCoLC</controlfield>
      <controlfield tag='005'>20151028012212.0</controlfield>
      <datafield ind1=' ' ind2=' ' tag='020'>
        <subfield code='a'>9781498518048</subfield>
        <subfield code='q'>(alk. paper : cloth)</subfield>
      </datafield>
      <datafield ind1=' ' ind2=' ' tag='020'>
        <subfield code='a'>1498518044</subfield>
        <subfield code='q'>(alk. paper : cloth)</subfield>
      </datafield>
      <datafield ind1=' ' ind2=' ' tag='020'>
        <subfield code='z'>9781498518055</subfield>
        <subfield code='q'>(electronic)</subfield>
      </datafield>
      <datafield ind1=' ' ind2=' ' tag='035'>
        <subfield code='a'>(OCoLC)903675303</subfield>
      </datafield>
      <datafield ind1=' ' ind2=' ' tag='040'>
        <subfield code='a'>YDXCP</subfield>
        <subfield code='b'>eng</subfield>
        <subfield code='e'>rda</subfield>
        <subfield code='c'>YDXCP</subfield>
        <subfield code='d'>BDX</subfield>
        <subfield code='d'>BTCTA</subfield>
        <subfield code='d'>OCLCO</subfield>
        <subfield code='d'>OCLCF</subfield>
        <subfield code='d'>VGM</subfield>
      </datafield>
      <datafield ind1=' ' ind2=' ' tag='049'>
        <subfield code='a'>NOCC</subfield>
      </datafield>
      <datafield ind1=' ' ind2='4' tag='050'>
        <subfield code='a'>JZ1734.A52</subfield>
        <subfield code='b'>O45 2015</subfield>
      </datafield>
      <datafield ind1='1' ind2=' ' tag='100'>
        <subfield code='a'>Olimat, Muhamad,</subfield>
        <subfield code='e'>author.</subfield>
      </datafield>
      <datafield ind1='1' ind2='0' tag='245'>
        <subfield code='a'>China and Central Asia in the post-Soviet era :</subfield>
        <subfield code='b'>a bilateral approach /</subfield>
        <subfield code='c'>Muhamad S. Olimat.</subfield>
      </datafield>
      <datafield ind1=' ' ind2='1' tag='264'>
        <subfield code='a'>Lanham ;</subfield>
        <subfield code='a'>Boulder ;</subfield>
        <subfield code='a'>New York ;</subfield>
        <subfield code='a'>London :</subfield>
        <subfield code='b'>Lexington Books,</subfield>
        <subfield code='c'>[2015]</subfield>
      </datafield>
      <datafield ind1=' ' ind2='4' tag='264'>
        <subfield code='c'>©2015</subfield>
      </datafield>
      <datafield ind1=' ' ind2=' ' tag='300'>
        <subfield code='a'>xiv, 235 pages ;</subfield>
        <subfield code='c'>24 cm</subfield>
      </datafield>
      <datafield ind1=' ' ind2=' ' tag='336'>
        <subfield code='a'>text</subfield>
        <subfield code='b'>txt</subfield>
        <subfield code='2'>rdacontent</subfield>
      </datafield>
      <datafield ind1=' ' ind2=' ' tag='337'>
        <subfield code='a'>unmediated</subfield>
        <subfield code='b'>n</subfield>
        <subfield code='2'>rdamedia</subfield>
      </datafield>
      <datafield ind1=' ' ind2=' ' tag='338'>
        <subfield code='a'>volume</subfield>
        <subfield code='b'>nc</subfield>
        <subfield code='2'>rdacarrier</subfield>
      </datafield>
      <datafield ind1=' ' ind2=' ' tag='504'>
        <subfield code='a'>Includes bibliographical references (pages 221-230 ) and index.</subfield>
      </datafield>
      <datafield ind1=' ' ind2='7' tag='650'>
        <subfield code='a'>Diplomatic relations.</subfield>
        <subfield code='2'>fast</subfield>
        <subfield code='0'>(OCoLC)fst01907412</subfield>
      </datafield>
      <datafield ind1=' ' ind2='0' tag='651'>
        <subfield code='a'>China</subfield>
        <subfield code='x'>Foreign relations</subfield>
        <subfield code='z'>Asia, Central.</subfield>
      </datafield>
      <datafield ind1=' ' ind2='0' tag='651'>
        <subfield code='a'>Asia, Central</subfield>
        <subfield code='x'>Foreign relations</subfield>
        <subfield code='z'>Asia, Central.</subfield>
      </datafield>
      <datafield ind1=' ' ind2='7' tag='651'>
        <subfield code='a'>Asia, Central.</subfield>
        <subfield code='2'>fast</subfield>
        <subfield code='0'>(OCoLC)fst01240497</subfield>
      </datafield>
      <datafield ind1=' ' ind2='7' tag='651'>
        <subfield code='a'>China.</subfield>
        <subfield code='2'>fast</subfield>
        <subfield code='0'>(OCoLC)fst01206073</subfield>
      </datafield>
      <datafield ind1=' ' ind2=' ' tag='907'>
        <subfield code='a'>b8362932</subfield>
      </datafield>
      <datafield ind1='9' ind2='1' tag='999'>
        <subfield code='i'>i10889270</subfield>
        <subfield code='l'>ddda</subfield>
        <subfield code='s'>-</subfield>
        <subfield code='t'>0</subfield>
        <subfield code='c'>1</subfield>
        <subfield code='o'>0</subfield>
        <subfield code='b'>00049540308</subfield>
        <subfield code='p'>050</subfield>
        <subfield code='q'>|aJZ1734.A52|bO45 2015</subfield>
      </datafield>
  </record>