
  <record>
    <leader>00000cam  2200181I  4500</leader>
      <controlfield tag='008'>770816s1961    stka          000 0 eng  </controlfield>
      <controlfield tag='001'>3193436</controlfield>
      <controlfield tag='005'>19840403000000.0</controlfield>
      <datafield ind1=' ' ind2=' ' tag='010'>
        <subfield code='a'>61065015</subfield>
      </datafield>
      <datafield ind1=' ' ind2=' ' tag='040'>
        <subfield code='a'>DLC</subfield>
        <subfield code='c'>OCP</subfield>
        <subfield code='d'>NOH</subfield>
      </datafield>
      <datafield ind1=' ' ind2=' ' tag='050'>
        <subfield code='a'>RC440</subfield>
        <subfield code='b'>.J6</subfield>
      </datafield>
      <datafield ind1=' ' ind2=' ' tag='082'>
        <subfield code='a'>610.7368</subfield>
      </datafield>
      <datafield ind1='1' ind2=' ' tag='100'>
        <subfield code='a'>John, Audrey L.</subfield>
      </datafield>
      <datafield ind1='1' ind2='2' tag='245'>
        <subfield code='a'>A study of the psychiatric nurse.</subfield>
        <subfield code='c'>Foreword by Edward V. Appleton. Pref. by W. M. Millar.</subfield>
      </datafield>
      <datafield ind1=' ' ind2=' ' tag='260'>
        <subfield code='a'>Edinburgh,</subfield>
        <subfield code='b'>E. &amp; S. Livingstone,</subfield>
        <subfield code='c'>1961.</subfield>
      </datafield>
      <datafield ind1=' ' ind2=' ' tag='300'>
        <subfield code='a'>239 p.</subfield>
        <subfield code='b'>illus.</subfield>
        <subfield code='c'>22 cm.</subfield>
      </datafield>
      <datafield ind1=' ' ind2='2' tag='650'>
        <subfield code='a'>Psychiatric Nursing.</subfield>
      </datafield>
      <datafield ind1='4' ind2=' ' tag='740'>
        <subfield code='a'>The psychiatric nurse.</subfield>
      </datafield>
      <datafield ind1=' ' ind2=' ' tag='907'>
        <subfield code='a'>b1473997</subfield>
      </datafield>
      <datafield ind1='9' ind2='1' tag='999'>
        <subfield code='i'>i2067037</subfield>
        <subfield code='l'>nohh</subfield>
        <subfield code='s'>-</subfield>
        <subfield code='t'>0</subfield>
        <subfield code='c'>1</subfield>
        <subfield code='o'>0</subfield>
        <subfield code='b'>H00152617M</subfield>
        <subfield code='p'>096</subfield>
        <subfield code='q'>|aWY 160 J65 1961</subfield>
      </datafield>
  </record>