
  <record>
    <leader>00000cam a2200289Ia 4500</leader>
      <controlfield tag='008'>891115r19891988ncu     b    s000 0 eng d</controlfield>
      <controlfield tag='007'>he-bmb---      bbca</controlfield>
      <controlfield tag='001'>20517435</controlfield>
      <controlfield tag='005'>19891115000000.0</controlfield>
      <datafield ind1=' ' ind2=' ' tag='037'>
        <subfield code='a'>00400</subfield>
        <subfield code='b'>NCTE</subfield>
      </datafield>
      <datafield ind1=' ' ind2=' ' tag='040'>
        <subfield code='a'>NCS</subfield>
        <subfield code='c'>NCS</subfield>
        <subfield code='d'>NOC</subfield>
      </datafield>
      <datafield ind1=' ' ind2=' ' tag='043'>
        <subfield code='a'>n-us-nc</subfield>
      </datafield>
      <datafield ind1='0' ind2=' ' tag='086'>
        <subfield code='a'>A75 30: 381</subfield>
        <subfield code='2'>ncdocs</subfield>
      </datafield>
      <datafield ind1='0' ind2='0' tag='245'>
        <subfield code='a'>Centipedegrass lawn maintenance calendar</subfield>
        <subfield code='h'>[microform] /</subfield>
        <subfield code='c'>[prepared by Arthur H. Bruneau ... et al.].</subfield>
      </datafield>
      <datafield ind1=' ' ind2=' ' tag='260'>
        <subfield code='a'>[Raleigh, N.C.] :</subfield>
        <subfield code='b'>N.C. Agricultural Extension Service,</subfield>
        <subfield code='c'>[1988]</subfield>
      </datafield>
      <datafield ind1=' ' ind2=' ' tag='300'>
        <subfield code='a'>1 sheet (2 p.) ;</subfield>
        <subfield code='c'>28 cm.</subfield>
      </datafield>
      <datafield ind1=' ' ind2=' ' tag='500'>
        <subfield code='a'>Caption title.</subfield>
      </datafield>
      <datafield ind1=' ' ind2=' ' tag='500'>
        <subfield code='a'>Reprint of an unspecified previous ed.</subfield>
      </datafield>
      <datafield ind1=' ' ind2=' ' tag='533'>
        <subfield code='a'>Microfiche.</subfield>
        <subfield code='b'>Raleigh, N.C. :</subfield>
        <subfield code='c'>N.C. Division of State Library,</subfield>
        <subfield code='d'>1989.</subfield>
        <subfield code='e'>1 microfiche : negative ; 11 x 15 cm.</subfield>
      </datafield>
      <datafield ind1=' ' ind2='0' tag='650'>
        <subfield code='a'>Turfgrasses</subfield>
        <subfield code='z'>North Carolina</subfield>
        <subfield code='x'>Management.</subfield>
      </datafield>
      <datafield ind1=' ' ind2='0' tag='650'>
        <subfield code='a'>Turf management</subfield>
        <subfield code='z'>North Carolina.</subfield>
      </datafield>
      <datafield ind1='1' ind2=' ' tag='700'>
        <subfield code='a'>Bruneau, Arthur H.</subfield>
      </datafield>
      <datafield ind1='2' ind2=' ' tag='710'>
        <subfield code='a'>North Carolina Agricultural Extension Service.</subfield>
      </datafield>
      <datafield ind1=' ' ind2='0' tag='830'>
        <subfield code='a'>AG (Series) ;</subfield>
        <subfield code='v'>381.</subfield>
      </datafield>
      <datafield ind1=' ' ind2=' ' tag='907'>
        <subfield code='a'>b2321082</subfield>
      </datafield>
      <datafield ind1='9' ind2='1' tag='999'>
        <subfield code='i'>i3340311</subfield>
        <subfield code='l'>wbpaa</subfield>
        <subfield code='s'>o</subfield>
        <subfield code='t'>27</subfield>
        <subfield code='c'>1</subfield>
        <subfield code='o'>0</subfield>
        <subfield code='b'>HALL-5721-00001</subfield>
        <subfield code='p'>099</subfield>
        <subfield code='q'>|aA75 30: 381</subfield>
      </datafield>
      <datafield ind1='9' ind2='2' tag='999'>
        <subfield code='a'>c2541057</subfield>
        <subfield code='b'>wbpaa</subfield>
        <subfield code='c'>0</subfield>
      </datafield>
      <datafield ind1='9' ind2='3' tag='999'>
        <subfield code='0'>c2541057</subfield>
        <subfield code='2'>852</subfield>
        <subfield code='3'>c</subfield>
        <subfield code='b'>572117</subfield>
        <subfield code='g'>Microfiche</subfield>
        <subfield code='h'>A75</subfield>
        <subfield code='i'>30:</subfield>
        <subfield code='i'>381</subfield>
      </datafield>
      <datafield ind1='9' ind2='3' tag='999'>
        <subfield code='0'>c2541057</subfield>
        <subfield code='2'>852</subfield>
        <subfield code='3'>e</subfield>
        <subfield code='p'>HALL-5721-00001</subfield>
        <subfield code='t'>1</subfield>
      </datafield>
  </record>