
  <record>
    <leader>00000nas  2200349 a 4500</leader>
      <controlfield tag='006'>m    |o  d |</controlfield>
      <controlfield tag='008'>100315u18uuuuuuriuuu p o     0    0eng d</controlfield>
      <controlfield tag='007'>cr |n||||||||n</controlfield>
      <controlfield tag='001'>TGPSM10-S224</controlfield>
      <controlfield tag='003'>UtOrBLW</controlfield>
      <controlfield tag='005'>20100315202700.0</controlfield>
      <datafield ind1=' ' ind2=' ' tag='035'>
        <subfield code='a'>(OCoLC)697712288</subfield>
      </datafield>
      <datafield ind1=' ' ind2=' ' tag='040'>
        <subfield code='a'>TGPSM</subfield>
        <subfield code='c'>UtOrBLW</subfield>
      </datafield>
      <datafield ind1=' ' ind2=' ' tag='043'>
        <subfield code='a'>n-us-ri</subfield>
      </datafield>
      <datafield ind1='2' ind2=' ' tag='110'>
        <subfield code='a'>Charitable Baptist Society.</subfield>
      </datafield>
      <datafield ind1='1' ind2='0' tag='245'>
        <subfield code='a'>Charter and by-laws of the Charitable Baptist Society in Providence</subfield>
        <subfield code='h'>[electronic resource] :</subfield>
        <subfield code='b'>with the amendments.</subfield>
      </datafield>
      <datafield ind1=' ' ind2=' ' tag='260'>
        <subfield code='a'>Providence [R.I.] :</subfield>
        <subfield code='b'>Knowles, Anthony &amp; Co., printers,</subfield>
      </datafield>
      <datafield ind1=' ' ind2=' ' tag='300'>
        <subfield code='a'>1 online resource (v.) :</subfield>
        <subfield code='b'>ill.</subfield>
      </datafield>
      <datafield ind1=' ' ind2=' ' tag='500'>
        <subfield code='a'>Description based on: 1855.</subfield>
      </datafield>
      <datafield ind1=' ' ind2=' ' tag='500'>
        <subfield code='a'>Reproduction of the original from the American Antiquarian Society.</subfield>
      </datafield>
      <datafield ind1=' ' ind2=' ' tag='500'>
        <subfield code='a'>Sabin no. 66247.</subfield>
      </datafield>
      <datafield ind1='1' ind2=' ' tag='506'>
        <subfield code='a'>Access limited to UNC Chapel Hill-authenticated users.</subfield>
        <subfield code='f'>Unlimited simultaneous users</subfield>
      </datafield>
      <datafield ind1='2' ind2='0' tag='610'>
        <subfield code='a'>Charitable Baptist Society</subfield>
        <subfield code='x'>Charters</subfield>
        <subfield code='v'>Periodicals.</subfield>
      </datafield>
      <datafield ind1='2' ind2='0' tag='610'>
        <subfield code='a'>Charitable Baptist Society</subfield>
        <subfield code='x'>By-laws</subfield>
        <subfield code='v'>Periodicals.</subfield>
      </datafield>
      <datafield ind1=' ' ind2='0' tag='650'>
        <subfield code='a'>Baptists</subfield>
        <subfield code='z'>Rhode Island</subfield>
        <subfield code='z'>Providence</subfield>
        <subfield code='x'>Societies, etc.</subfield>
        <subfield code='v'>Periodicals.</subfield>
      </datafield>
      <datafield ind1='0' ind2=' ' tag='773'>
        <subfield code='t'>Sabin Americana, 1500-1926 (online collection). Ejournals</subfield>
      </datafield>
      <datafield ind1='4' ind2='0' tag='856'>
        <subfield code='u'>http://libproxy.lib.unc.edu/login?url=http://galenet.galegroup.com/servlet/Sabin?af=RN&amp;ae=CY109586640&amp;srchtp=a&amp;ste=14&amp;q=unc_main</subfield>
        <subfield code='y'>Full text available via the UNC-Chapel Hill Libraries</subfield>
        <subfield code='x'>Sabin Americana, 1500-1926</subfield>
      </datafield>
      <datafield ind1='0' ind2='0' tag='907'>
        <subfield code='a'>b6589266</subfield>
      </datafield>
  </record>