
  <record>
    <leader>00000cam a2200361 a 4500</leader>
      <controlfield tag='008'>950726s1993    dcua    bb   f101 0 eng d</controlfield>
      <controlfield tag='007'>heubmb024bbca</controlfield>
      <controlfield tag='001'>32878650</controlfield>
      <controlfield tag='005'>19950731105342.0</controlfield>
      <datafield ind1=' ' ind2=' ' tag='035'>
        <subfield code='a'>(GPO)95080448</subfield>
      </datafield>
      <datafield ind1=' ' ind2=' ' tag='040'>
        <subfield code='d'>GPO</subfield>
        <subfield code='d'>DLC</subfield>
      </datafield>
      <datafield ind1=' ' ind2=' ' tag='040'>
        <subfield code='d'>MvI</subfield>
      </datafield>
      <datafield ind1=' ' ind2=' ' tag='043'>
        <subfield code='a'>n-us---</subfield>
      </datafield>
      <datafield ind1=' ' ind2=' ' tag='074'>
        <subfield code='a'>1061-F (MF)</subfield>
      </datafield>
      <datafield ind1='0' ind2=' ' tag='086'>
        <subfield code='a'>Y 3.L 61:2 C 43/2/993</subfield>
      </datafield>
      <datafield ind1='2' ind2=' ' tag='111'>
        <subfield code='a'>Briefing and Open Forum on Children and Youth Services: Redefining the Federal Role for Libraries</subfield>
        <subfield code='n'>(3rd :</subfield>
        <subfield code='d'>1993 :</subfield>
        <subfield code='c'>Des Moines, Iowa)</subfield>
      </datafield>
      <datafield ind1='1' ind2='0' tag='245'>
        <subfield code='a'>Briefing and Open Forum on Children and Youth Services</subfield>
        <subfield code='h'>[microform] :</subfield>
        <subfield code='b'>Redefining the Federal Role for Libraries, December 2-3, 1993.</subfield>
      </datafield>
      <datafield ind1='3' ind2='0' tag='246'>
        <subfield code='a'>Redefining the federal role for libraries</subfield>
      </datafield>
      <datafield ind1='1' ind2='8' tag='246'>
        <subfield code='a'>NCLIS Briefing and Open Forum on Children and Youth Services in Libraries, December 2-3, 1993</subfield>
      </datafield>
      <datafield ind1=' ' ind2=' ' tag='260'>
        <subfield code='a'>Washington, DC (1110 Vermont Ave., Suite 820, Washington 20005-3522) :</subfield>
        <subfield code='b'>U.S. National Commission on Libraries and Information Science,</subfield>
        <subfield code='c'>[1993?]</subfield>
      </datafield>
      <datafield ind1=' ' ind2=' ' tag='300'>
        <subfield code='a'>v, 234 p. :</subfield>
        <subfield code='b'>ill. ;</subfield>
        <subfield code='c'>28 cm.</subfield>
      </datafield>
      <datafield ind1=' ' ind2=' ' tag='500'>
        <subfield code='a'>&quot;Hosted by the State Library of Iowa, Des Moines, Iowa.&quot;</subfield>
      </datafield>
      <datafield ind1=' ' ind2=' ' tag='500'>
        <subfield code='a'>Distributed to depository libraries in microfiche.</subfield>
      </datafield>
      <datafield ind1=' ' ind2=' ' tag='500'>
        <subfield code='a'>Shipping list no.: 95-0475-M.</subfield>
      </datafield>
      <datafield ind1=' ' ind2=' ' tag='504'>
        <subfield code='a'>Includes bibliographical references and indexes.</subfield>
      </datafield>
      <datafield ind1=' ' ind2=' ' tag='533'>
        <subfield code='a'>Microfiche.</subfield>
        <subfield code='b'>[Washington, D.C.?] :</subfield>
        <subfield code='c'>Supt. of Docs., U.S. G.P.O.,</subfield>
        <subfield code='d'>[1995]</subfield>
        <subfield code='e'>3 microfiches : negative.</subfield>
      </datafield>
      <datafield ind1=' ' ind2=' ' tag='539'>
        <subfield code='a'>s</subfield>
        <subfield code='b'>1995</subfield>
        <subfield code='d'>dcu</subfield>
        <subfield code='e'>n</subfield>
        <subfield code='g'>b</subfield>
      </datafield>
      <datafield ind1=' ' ind2='0' tag='650'>
        <subfield code='a'>Children&apos;s libraries</subfield>
        <subfield code='x'>Government policy</subfield>
        <subfield code='z'>United States</subfield>
        <subfield code='v'>Congresses.</subfield>
      </datafield>
      <datafield ind1=' ' ind2='0' tag='650'>
        <subfield code='a'>Federal aid to libraries</subfield>
        <subfield code='z'>United States</subfield>
        <subfield code='v'>Congresses.</subfield>
      </datafield>
      <datafield ind1='1' ind2=' ' tag='710'>
        <subfield code='a'>United States.</subfield>
        <subfield code='b'>National Commission on Libraries and Information Science.</subfield>
      </datafield>
      <datafield ind1=' ' ind2=' ' tag='907'>
        <subfield code='a'>b3753990</subfield>
      </datafield>
      <datafield ind1='9' ind2='1' tag='999'>
        <subfield code='i'>i5218155</subfield>
        <subfield code='l'>dcpfb</subfield>
        <subfield code='s'>-</subfield>
        <subfield code='t'>20</subfield>
        <subfield code='c'>1</subfield>
        <subfield code='o'>0</subfield>
        <subfield code='b'>HBCB-9163-00001</subfield>
        <subfield code='p'>086</subfield>
        <subfield code='q'>|aY 3.L 61:2 C 43/2/993</subfield>
      </datafield>
  </record>