
  <record>
    <leader>00000cam  2200181La 4500</leader>
      <controlfield tag='008'>890805m19809999it a     b    001 0 ita  </controlfield>
      <controlfield tag='001'>10265427</controlfield>
      <controlfield tag='005'>19890805000000.0</controlfield>
      <datafield ind1=' ' ind2=' ' tag='010'>
        <subfield code='a'>72462218</subfield>
      </datafield>
      <datafield ind1=' ' ind2=' ' tag='040'>
        <subfield code='a'>DLC</subfield>
        <subfield code='c'>RBN</subfield>
        <subfield code='d'>m/c</subfield>
      </datafield>
      <datafield ind1='0' ind2=' ' tag='050'>
        <subfield code='a'>PC1711</subfield>
        <subfield code='b'>.C65</subfield>
      </datafield>
      <datafield ind1='1' ind2=' ' tag='100'>
        <subfield code='a'>Cortelazzo, Manlio.</subfield>
      </datafield>
      <datafield ind1='1' ind2='0' tag='245'>
        <subfield code='a'>Avviamento critico allo studio della dialettologia italiana /</subfield>
        <subfield code='c'>Manlio Cortelazzo.</subfield>
      </datafield>
      <datafield ind1=' ' ind2=' ' tag='260'>
        <subfield code='a'>Pisa :</subfield>
        <subfield code='b'>Pacini,</subfield>
        <subfield code='c'>c1980-</subfield>
      </datafield>
      <datafield ind1=' ' ind2=' ' tag='300'>
        <subfield code='a'>v. :</subfield>
        <subfield code='b'>ill. ;</subfield>
        <subfield code='c'>24 cm.</subfield>
      </datafield>
      <datafield ind1=' ' ind2=' ' tag='504'>
        <subfield code='a'>Includes bibliographical references and index.</subfield>
      </datafield>
      <datafield ind1='1' ind2=' ' tag='505'>
        <subfield code='a'>1. Problemi e metodi -- 3. Lineamenti di italiano popolare.</subfield>
      </datafield>
      <datafield ind1=' ' ind2='0' tag='650'>
        <subfield code='a'>Italian language</subfield>
        <subfield code='x'>Dialects.</subfield>
      </datafield>
      <datafield ind1=' ' ind2=' ' tag='907'>
        <subfield code='a'>b1931991</subfield>
      </datafield>
      <datafield ind1='9' ind2='1' tag='999'>
        <subfield code='i'>i2794973</subfield>
        <subfield code='l'>ddda</subfield>
        <subfield code='s'>-</subfield>
        <subfield code='t'>0</subfield>
        <subfield code='c'>1</subfield>
        <subfield code='o'>1</subfield>
        <subfield code='b'>10001379456</subfield>
        <subfield code='p'>090</subfield>
        <subfield code='q'>|aPC1711 .C65</subfield>
        <subfield code='v'>v.1</subfield>
      </datafield>
      <datafield ind1='9' ind2='2' tag='999'>
        <subfield code='a'>c2165310</subfield>
        <subfield code='b'>ddda</subfield>
        <subfield code='c'>0</subfield>
      </datafield>
      <datafield ind1='9' ind2='3' tag='999'>
        <subfield code='0'>c2165310</subfield>
        <subfield code='2'>852</subfield>
        <subfield code='3'>c</subfield>
        <subfield code='b'>555521</subfield>
        <subfield code='h'>PC1711</subfield>
        <subfield code='i'>.C65</subfield>
        <subfield code='x'>Previously converted record</subfield>
      </datafield>
      <datafield ind1='9' ind2='3' tag='999'>
        <subfield code='0'>c2165310</subfield>
        <subfield code='2'>853</subfield>
        <subfield code='3'>y</subfield>
        <subfield code='8'>1</subfield>
        <subfield code='a'>v.</subfield>
        <subfield code='t'>c.</subfield>
      </datafield>
  </record>