
  <record>
    <leader>00000cam  2200265 a 4500</leader>
      <controlfield tag='008'>981002s1998    gw       b    001 0 ger  </controlfield>
      <controlfield tag='001'>39847969</controlfield>
      <controlfield tag='005'>19981228163537.0</controlfield>
      <datafield ind1=' ' ind2=' ' tag='010'>
        <subfield code='a'>98205390</subfield>
      </datafield>
      <datafield ind1=' ' ind2=' ' tag='020'>
        <subfield code='a'>3484641053</subfield>
      </datafield>
      <datafield ind1=' ' ind2=' ' tag='040'>
        <subfield code='a'>DLC</subfield>
        <subfield code='c'>DLC</subfield>
        <subfield code='d'>NOC</subfield>
      </datafield>
      <datafield ind1='0' ind2='0' tag='050'>
        <subfield code='a'>B3279.H94</subfield>
        <subfield code='b'>I57 1998</subfield>
      </datafield>
      <datafield ind1='1' ind2=' ' tag='100'>
        <subfield code='a'>Ingarden, Roman,</subfield>
        <subfield code='d'>1893-1970.</subfield>
      </datafield>
      <datafield ind1='1' ind2='0' tag='245'>
        <subfield code='a'>Schriften zur Phänomenologie Edmund Husserls /</subfield>
        <subfield code='c'>Roman Ingarden ; herausgegeben von Włodzimierz Galewicz.</subfield>
      </datafield>
      <datafield ind1=' ' ind2=' ' tag='260'>
        <subfield code='a'>Tübingen :</subfield>
        <subfield code='b'>M. Niemeyer Verlag,</subfield>
        <subfield code='c'>1998.</subfield>
      </datafield>
      <datafield ind1=' ' ind2=' ' tag='300'>
        <subfield code='a'>473 p. ;</subfield>
        <subfield code='c'>23 cm.</subfield>
      </datafield>
      <datafield ind1=' ' ind2=' ' tag='504'>
        <subfield code='a'>Includes bibliographical references and index.</subfield>
      </datafield>
      <datafield ind1='1' ind2='0' tag='600'>
        <subfield code='a'>Husserl, Edmund,</subfield>
        <subfield code='d'>1859-1938.</subfield>
      </datafield>
      <datafield ind1=' ' ind2='0' tag='650'>
        <subfield code='a'>Phenomenology.</subfield>
      </datafield>
      <datafield ind1='1' ind2=' ' tag='700'>
        <subfield code='a'>Galewicz, Włodzimierz.</subfield>
      </datafield>
      <datafield ind1='1' ind2=' ' tag='800'>
        <subfield code='a'>Ingarden, Roman,</subfield>
        <subfield code='d'>1893-1970.</subfield>
        <subfield code='t'>Works.</subfield>
        <subfield code='f'>1992 ;</subfield>
        <subfield code='v'>Bd. 5.</subfield>
      </datafield>
      <datafield ind1=' ' ind2=' ' tag='907'>
        <subfield code='a'>b3189192</subfield>
      </datafield>
      <datafield ind1='9' ind2='1' tag='999'>
        <subfield code='i'>i4529767</subfield>
        <subfield code='l'>ddda</subfield>
        <subfield code='s'>-</subfield>
        <subfield code='t'>0</subfield>
        <subfield code='c'>1</subfield>
        <subfield code='o'>2</subfield>
        <subfield code='b'>00016105938</subfield>
        <subfield code='p'>090</subfield>
        <subfield code='q'>|aB3279.H94 I57 1998</subfield>
      </datafield>
  </record>