
  <record>
    <leader>00000nam a22004815i 4500</leader>
      <controlfield tag='006'>m    |o  d |</controlfield>
      <controlfield tag='007'>cr nn 008mamaa</controlfield>
      <controlfield tag='008'>160825s2016    gw a    o    |||| 0|eng d</controlfield>
      <controlfield tag='001'>Spr9783319406121</controlfield>
      <controlfield tag='003'>DE-He213</controlfield>
      <controlfield tag='005'>20160825124428.0</controlfield>
      <datafield ind1=' ' ind2=' ' tag='020'>
        <subfield code='a'>9783319406121</subfield>
      </datafield>
      <datafield ind1='7' ind2=' ' tag='024'>
        <subfield code='a'>10.1007/978-3-319-40612-1</subfield>
        <subfield code='2'>doi</subfield>
      </datafield>
      <datafield ind1=' ' ind2='4' tag='050'>
        <subfield code='a'>QA76.575</subfield>
      </datafield>
      <datafield ind1=' ' ind2='7' tag='072'>
        <subfield code='a'>COM034000</subfield>
        <subfield code='2'>bisacsh</subfield>
      </datafield>
      <datafield ind1=' ' ind2='7' tag='072'>
        <subfield code='a'>UG</subfield>
        <subfield code='2'>bicssc</subfield>
      </datafield>
      <datafield ind1='0' ind2='4' tag='082'>
        <subfield code='a'>006.7</subfield>
        <subfield code='2'>23</subfield>
      </datafield>
      <datafield ind1='1' ind2='0' tag='245'>
        <subfield code='a'>Serious Games</subfield>
        <subfield code='h'>[electronic resource] :</subfield>
        <subfield code='b'>Foundations, Concepts and Practice /</subfield>
        <subfield code='c'>edited by Ralf Dörner, Stefan Göbel, Wolfgang Effelsberg, Josef Wiemeyer.</subfield>
      </datafield>
      <datafield ind1=' ' ind2='1' tag='264'>
        <subfield code='a'>Cham :</subfield>
        <subfield code='b'>Springer,</subfield>
        <subfield code='c'>2016.</subfield>
      </datafield>
      <datafield ind1=' ' ind2=' ' tag='300'>
        <subfield code='a'>1 online resource (XVI, 421 p.) :</subfield>
        <subfield code='b'>129 illus., 128 illus. in color</subfield>
      </datafield>
      <datafield ind1=' ' ind2=' ' tag='336'>
        <subfield code='a'>text</subfield>
        <subfield code='b'>txt</subfield>
        <subfield code='2'>rdacontent</subfield>
      </datafield>
      <datafield ind1=' ' ind2=' ' tag='337'>
        <subfield code='a'>computer</subfield>
        <subfield code='b'>c</subfield>
        <subfield code='2'>rdamedia</subfield>
      </datafield>
      <datafield ind1=' ' ind2=' ' tag='338'>
        <subfield code='a'>online resource</subfield>
        <subfield code='b'>cr</subfield>
        <subfield code='2'>rdacarrier</subfield>
      </datafield>
      <datafield ind1=' ' ind2=' ' tag='347'>
        <subfield code='a'>text file</subfield>
        <subfield code='b'>PDF</subfield>
        <subfield code='2'>rda</subfield>
      </datafield>
      <datafield ind1='0' ind2=' ' tag='505'>
        <subfield code='a'>1 Introduction -- 2 Contributing Disciplines -- 3 Design of Serious Games -- 4 Authoring Processes and Tools -- 5 Content and Content Production -- 6 Game Engines -- 7 Personalization and Adaptation -- 8 Multiplayer Serious Games -- 9 Player Experience -- 10 Performance Assessment in Serious Games -- 11 Serious Games  Economic and Legal Issues -- 12 Serious Games Application Examples -- About the Authors -- Index.</subfield>
      </datafield>
      <datafield ind1='1' ind2=' ' tag='506'>
        <subfield code='a'>Access limited to UNC Chapel Hill-authenticated users.</subfield>
        <subfield code='f'>Unlimited simultaneous users</subfield>
      </datafield>
      <datafield ind1=' ' ind2=' ' tag='520'>
        <subfield code='a'>This textbook provides an introduction to the fundamentals of serious games, which differ considerably from computer games that are meant for pure entertainment. Undergraduate and graduate students from various disciplines who want to learn about serious games are one target group of this book. Prospective developers of serious games are another, as they can use the book for self-study in order to learn about the distinctive features of serious game design and development. And ultimately, the book also addresses prospective users of serious game technologies by providing them with a solid basis for judging the advantages and limitations of serious games in different application areas such as game-based learning, training and simulation or games for health. To cater to this heterogeneous readership and wide range of interests, every effort was made to make the book flexible to use. All readers are expected to study Chapter 1, as it provides the necessary basics and terminology that will be used in all subsequent chapters. The eleven chapters that follow cover the creation of serious games (design, authoring processes and tools, content production), the runtime context of serious games (game engines, adaptation mechanisms, game balancing, game mastering, multi-player serious games), the effects of serious games and their evaluation (player experience, assessment techniques, performance indicators), and serious games in practice (economic aspects, cost-benefit analysis, serious game distribution). To familiarize the readers with best practice in this field, the final chapter presents more than 30 selected examples of serious games illustrating their characteristics and showcasing their practical use. Lecturers can select chapters in a sequence that is most suitable for their specific course or seminar. The book includes specific suggestions for courses such as &quot;Introduction to Serious Games&quot;, &quot;Entertainment Technology&quot;, &quot;Serious Game Design&quot;, &quot;Game-based Learning&quot;, and &quot;Applications of Serious Games&quot;.</subfield>
      </datafield>
      <datafield ind1=' ' ind2='0' tag='650'>
        <subfield code='a'>Computer science.</subfield>
      </datafield>
      <datafield ind1=' ' ind2='0' tag='650'>
        <subfield code='a'>Multimedia information systems.</subfield>
      </datafield>
      <datafield ind1=' ' ind2='0' tag='650'>
        <subfield code='a'>Personal computers.</subfield>
      </datafield>
      <datafield ind1=' ' ind2='0' tag='650'>
        <subfield code='a'>Special purpose computers.</subfield>
      </datafield>
      <datafield ind1='1' ind2=' ' tag='700'>
        <subfield code='a'>Dörner, Ralf,</subfield>
        <subfield code='e'>editor.</subfield>
      </datafield>
      <datafield ind1='1' ind2=' ' tag='700'>
        <subfield code='a'>Effelsberg, Wolfgang,</subfield>
        <subfield code='e'>editor.</subfield>
      </datafield>
      <datafield ind1='1' ind2=' ' tag='700'>
        <subfield code='a'>Göbel, Stefan,</subfield>
        <subfield code='e'>editor.</subfield>
      </datafield>
      <datafield ind1='1' ind2=' ' tag='700'>
        <subfield code='a'>Wiemeyer, Josef,</subfield>
        <subfield code='e'>editor.</subfield>
      </datafield>
      <datafield ind1='0' ind2=' ' tag='773'>
        <subfield code='t'>Springer e-books (online collection)</subfield>
      </datafield>
      <datafield ind1='0' ind2='8' tag='776'>
        <subfield code='i'>Printed edition:</subfield>
        <subfield code='z'>9783319406114</subfield>
      </datafield>
      <datafield ind1='4' ind2='0' tag='856'>
        <subfield code='u'>http://libproxy.lib.unc.edu/login?url=http://link.springer.com/10.1007/978-3-319-40612-1</subfield>
        <subfield code='y'>Full text available via the UNC-Chapel Hill Libraries</subfield>
      </datafield>
      <datafield ind1=' ' ind2=' ' tag='907'>
        <subfield code='a'>b8597613</subfield>
      </datafield>
  </record>