
  <record>
    <leader>00000cam  2200181Ia 4500</leader>
      <controlfield tag='008'>870918s1978    mauac    b    000 0 eng d</controlfield>
      <controlfield tag='001'>7122434</controlfield>
      <controlfield tag='005'>19870918000000.0</controlfield>
      <datafield ind1=' ' ind2=' ' tag='040'>
        <subfield code='a'>WIH</subfield>
        <subfield code='c'>WIH</subfield>
        <subfield code='d'>m/c</subfield>
        <subfield code='d'>NOC</subfield>
      </datafield>
      <datafield ind1='1' ind2=' ' tag='100'>
        <subfield code='a'>Linebaugh, Barbara.</subfield>
      </datafield>
      <datafield ind1='1' ind2='4' tag='245'>
        <subfield code='a'>The African School and the integration of Nantucket public schools, 1825-1847 /</subfield>
        <subfield code='c'>by Barbara Linebaugh.</subfield>
      </datafield>
      <datafield ind1=' ' ind2=' ' tag='260'>
        <subfield code='a'>[Boston, Mass.] :</subfield>
        <subfield code='b'>Afro-American Studies Center, Boston University,</subfield>
        <subfield code='c'>c1978.</subfield>
      </datafield>
      <datafield ind1=' ' ind2=' ' tag='300'>
        <subfield code='a'>v, 57 p. :</subfield>
        <subfield code='b'>ill., ports. ;</subfield>
        <subfield code='c'>23 cm.</subfield>
      </datafield>
      <datafield ind1=' ' ind2=' ' tag='504'>
        <subfield code='a'>Bibliography: p. 57.</subfield>
      </datafield>
      <datafield ind1='2' ind2='0' tag='610'>
        <subfield code='a'>African School (Nantucket, Mass.)</subfield>
      </datafield>
      <datafield ind1=' ' ind2='0' tag='650'>
        <subfield code='a'>School integration</subfield>
        <subfield code='z'>Massachusetts</subfield>
        <subfield code='z'>Nantucket</subfield>
        <subfield code='x'>History.</subfield>
      </datafield>
      <datafield ind1=' ' ind2='0' tag='651'>
        <subfield code='a'>Nantucket (Mass.)</subfield>
        <subfield code='x'>History.</subfield>
      </datafield>
      <datafield ind1=' ' ind2=' ' tag='907'>
        <subfield code='a'>b1741624</subfield>
      </datafield>
      <datafield ind1='9' ind2='1' tag='999'>
        <subfield code='i'>i2504358</subfield>
        <subfield code='l'>trln</subfield>
        <subfield code='s'>-</subfield>
        <subfield code='t'>0</subfield>
        <subfield code='c'>1</subfield>
        <subfield code='o'>2</subfield>
        <subfield code='b'>00004479175</subfield>
        <subfield code='p'>090</subfield>
        <subfield code='q'>|aLC214.23.N367 L563 1978</subfield>
      </datafield>
  </record>