
  <record>
    <leader>00000cam  2200205Ia 4500</leader>
      <controlfield tag='008'>720105s1971    maua     b    001 0 eng  </controlfield>
      <controlfield tag='001'>221180</controlfield>
      <controlfield tag='005'>19880309142022.7</controlfield>
      <datafield ind1=' ' ind2=' ' tag='010'>
        <subfield code='a'>70146340</subfield>
      </datafield>
      <datafield ind1=' ' ind2=' ' tag='040'>
        <subfield code='a'>DLC</subfield>
        <subfield code='c'>DLC</subfield>
        <subfield code='d'>m.c.</subfield>
        <subfield code='d'>NOH</subfield>
      </datafield>
      <datafield ind1='0' ind2=' ' tag='050'>
        <subfield code='a'>RC902</subfield>
        <subfield code='b'>.S76 1971</subfield>
      </datafield>
      <datafield ind1=' ' ind2=' ' tag='082'>
        <subfield code='a'>616.6/1</subfield>
      </datafield>
      <datafield ind1='0' ind2='0' tag='245'>
        <subfield code='a'>Diseases of the kidney /</subfield>
        <subfield code='c'>Editors, Maurice B. Strauss, Louis G. Welt ; by 59 authors.</subfield>
      </datafield>
      <datafield ind1=' ' ind2=' ' tag='250'>
        <subfield code='a'>2nd ed.</subfield>
      </datafield>
      <datafield ind1=' ' ind2=' ' tag='260'>
        <subfield code='a'>Boston :</subfield>
        <subfield code='b'>Little, Brown,</subfield>
        <subfield code='c'>c1971.</subfield>
      </datafield>
      <datafield ind1=' ' ind2=' ' tag='300'>
        <subfield code='a'>2 v. (xxv, 1456, 63 p.) :</subfield>
        <subfield code='b'>ill. ;</subfield>
        <subfield code='c'>27 cm.</subfield>
      </datafield>
      <datafield ind1=' ' ind2=' ' tag='504'>
        <subfield code='a'>Includes bibliographies and indexes.</subfield>
      </datafield>
      <datafield ind1=' ' ind2='2' tag='650'>
        <subfield code='a'>Kidney Diseases.</subfield>
      </datafield>
      <datafield ind1='1' ind2=' ' tag='700'>
        <subfield code='a'>Strauss, Maurice B.</subfield>
        <subfield code='q'>(Maurice Benjamin),</subfield>
        <subfield code='d'>1904-1974.</subfield>
      </datafield>
      <datafield ind1='1' ind2=' ' tag='700'>
        <subfield code='a'>Welt, Louis G.</subfield>
      </datafield>
      <datafield ind1='0' ind2=' ' tag='740'>
        <subfield code='a'>Carl W. Gottschalk Collection on the Human Kidney.</subfield>
      </datafield>
      <datafield ind1=' ' ind2=' ' tag='919'>
        <subfield code='a'>590 Touched / wkg</subfield>
      </datafield>
      <datafield ind1=' ' ind2=' ' tag='907'>
        <subfield code='a'>b1055933</subfield>
      </datafield>
      <datafield ind1='9' ind2='1' tag='999'>
        <subfield code='i'>i1093049</subfield>
        <subfield code='l'>nohh</subfield>
        <subfield code='s'>-</subfield>
        <subfield code='t'>0</subfield>
        <subfield code='c'>5</subfield>
        <subfield code='o'>0</subfield>
        <subfield code='b'>H00124336J</subfield>
        <subfield code='p'>096</subfield>
        <subfield code='q'>|aWJ 300 |bS912d 1971</subfield>
        <subfield code='v'>v.1</subfield>
      </datafield>
      <datafield ind1='9' ind2='1' tag='999'>
        <subfield code='i'>i1093050</subfield>
        <subfield code='l'>nohh</subfield>
        <subfield code='s'>-</subfield>
        <subfield code='t'>0</subfield>
        <subfield code='c'>5</subfield>
        <subfield code='o'>0</subfield>
        <subfield code='b'>H00124337K</subfield>
        <subfield code='p'>096</subfield>
        <subfield code='q'>|aWJ 300 |bS912d 1971</subfield>
        <subfield code='v'>v.2</subfield>
      </datafield>
      <datafield ind1='9' ind2='1' tag='999'>
        <subfield code='i'>i1093043</subfield>
        <subfield code='l'>wcgj</subfield>
        <subfield code='s'>o</subfield>
        <subfield code='t'>0</subfield>
        <subfield code='c'>1</subfield>
        <subfield code='o'>0</subfield>
        <subfield code='b'>00015835759</subfield>
        <subfield code='p'>096</subfield>
        <subfield code='q'>|aWJ 300 S912d 1971</subfield>
        <subfield code='v'>v.1</subfield>
      </datafield>
      <datafield ind1='9' ind2='1' tag='999'>
        <subfield code='i'>i1093046</subfield>
        <subfield code='l'>wcgj</subfield>
        <subfield code='s'>o</subfield>
        <subfield code='t'>0</subfield>
        <subfield code='c'>1</subfield>
        <subfield code='o'>0</subfield>
        <subfield code='b'>00015835768</subfield>
        <subfield code='p'>096</subfield>
        <subfield code='q'>|aWJ 300 S912d 1971</subfield>
        <subfield code='v'>v.2</subfield>
      </datafield>
      <datafield ind1='9' ind2='2' tag='999'>
        <subfield code='a'>c1068380</subfield>
        <subfield code='b'>wcgj</subfield>
        <subfield code='c'>0</subfield>
      </datafield>
      <datafield ind1='9' ind2='3' tag='999'>
        <subfield code='0'>c1068380</subfield>
        <subfield code='2'>852</subfield>
        <subfield code='3'>c</subfield>
        <subfield code='b'>572254</subfield>
        <subfield code='h'>WJ 300</subfield>
        <subfield code='i'>S912d 1971</subfield>
        <subfield code='z'>In box, as issued.</subfield>
        <subfield code='x'>gift of Susan K. Fellner.</subfield>
      </datafield>
      <datafield ind1='9' ind2='3' tag='999'>
        <subfield code='0'>c1068380</subfield>
        <subfield code='2'>853</subfield>
        <subfield code='3'>y</subfield>
        <subfield code='8'>1</subfield>
        <subfield code='a'>v.</subfield>
        <subfield code='t'>c.</subfield>
      </datafield>
  </record>