
  <record>
    <leader>00000cam a2200301 a 4500</leader>
      <controlfield tag='008'>851220s1985    ve       b    000 0 spa  </controlfield>
      <controlfield tag='001'>12555456</controlfield>
      <controlfield tag='005'>19851220000000.0</controlfield>
      <datafield ind1=' ' ind2=' ' tag='010'>
        <subfield code='a'>85170083</subfield>
      </datafield>
      <datafield ind1=' ' ind2=' ' tag='040'>
        <subfield code='a'>DLC</subfield>
        <subfield code='c'>DLC</subfield>
        <subfield code='d'>NOC</subfield>
      </datafield>
      <datafield ind1=' ' ind2=' ' tag='043'>
        <subfield code='a'>s-ve---</subfield>
      </datafield>
      <datafield ind1='0' ind2=' ' tag='082'>
        <subfield code='a'>282/.87</subfield>
        <subfield code='2'>19</subfield>
      </datafield>
      <datafield ind1='0' ind2='0' tag='245'>
        <subfield code='a'>Iglesia y crisis de fe :</subfield>
        <subfield code='b'>el caso venezolano /</subfield>
        <subfield code='c'>Joaquín Marta Sosa ... [et al.].</subfield>
      </datafield>
      <datafield ind1=' ' ind2=' ' tag='260'>
        <subfield code='a'>Caracas :</subfield>
        <subfield code='b'>SEDECO,</subfield>
        <subfield code='c'>1985.</subfield>
      </datafield>
      <datafield ind1=' ' ind2=' ' tag='300'>
        <subfield code='a'>120 p. ;</subfield>
        <subfield code='c'>23 cm.</subfield>
      </datafield>
      <datafield ind1=' ' ind2=' ' tag='504'>
        <subfield code='a'>Bibliography: p. 27.</subfield>
      </datafield>
      <datafield ind1='0' ind2=' ' tag='505'>
        <subfield code='a'>Iglesia y crisis de fe / Leandro Cantó -- Cristianismo, no hay fe sin crisis / Joaquín Marta Sosa -- A una Venezuela católica / Cesáreo Gil -- Fe y renovación espiritual / Zoraida Valecillos -- Especificidad política del catolicismo venezolano / Otto Maduro.</subfield>
      </datafield>
      <datafield ind1='2' ind2='0' tag='610'>
        <subfield code='a'>Catholic Church</subfield>
        <subfield code='z'>Venezuela</subfield>
        <subfield code='x'>History</subfield>
        <subfield code='y'>20th century.</subfield>
      </datafield>
      <datafield ind1='2' ind2='0' tag='610'>
        <subfield code='a'>Catholic Church</subfield>
        <subfield code='x'>History</subfield>
        <subfield code='y'>1965-</subfield>
      </datafield>
      <datafield ind1=' ' ind2='0' tag='650'>
        <subfield code='a'>Christianity</subfield>
        <subfield code='y'>20th century.</subfield>
      </datafield>
      <datafield ind1=' ' ind2='0' tag='651'>
        <subfield code='a'>Venezuela</subfield>
        <subfield code='x'>Church history.</subfield>
      </datafield>
      <datafield ind1='1' ind2=' ' tag='700'>
        <subfield code='a'>Marta Sosa, Joaquín.</subfield>
      </datafield>
      <datafield ind1=' ' ind2=' ' tag='907'>
        <subfield code='a'>b2060055</subfield>
      </datafield>
      <datafield ind1='9' ind2='1' tag='999'>
        <subfield code='i'>i2976319</subfield>
        <subfield code='l'>trln</subfield>
        <subfield code='s'>-</subfield>
        <subfield code='t'>0</subfield>
        <subfield code='c'>1</subfield>
        <subfield code='o'>0</subfield>
        <subfield code='b'>00034947434</subfield>
        <subfield code='p'>090</subfield>
        <subfield code='q'>|aBX1488.2 .I357 1985</subfield>
      </datafield>
  </record>