
  <record>
    <leader>00000cam a2200265I  4500</leader>
      <controlfield tag='008'>930224s1939    it            000 0 ita d</controlfield>
      <controlfield tag='001'>5735996</controlfield>
      <controlfield tag='005'>19930224000000.0</controlfield>
      <datafield ind1=' ' ind2=' ' tag='040'>
        <subfield code='a'>COO</subfield>
        <subfield code='c'>COO</subfield>
        <subfield code='d'>m.c.</subfield>
      </datafield>
      <datafield ind1='1' ind2=' ' tag='100'>
        <subfield code='a'>Zancan, Paola.</subfield>
      </datafield>
      <datafield ind1='1' ind2='3' tag='245'>
        <subfield code='a'>La crisi del principato nell&apos;anno 69 D. C.</subfield>
      </datafield>
      <datafield ind1=' ' ind2=' ' tag='260'>
        <subfield code='a'>Padova,</subfield>
        <subfield code='b'>CEDAM, Casa editrice dott. A. Milani,</subfield>
        <subfield code='c'>1939.</subfield>
      </datafield>
      <datafield ind1=' ' ind2=' ' tag='300'>
        <subfield code='a'>xi, 134 p.</subfield>
        <subfield code='c'>25 cm.</subfield>
      </datafield>
      <datafield ind1='1' ind2='0' tag='600'>
        <subfield code='a'>Tacitus, Cornelius.</subfield>
        <subfield code='t'>Historiae.</subfield>
      </datafield>
      <datafield ind1=' ' ind2='0' tag='651'>
        <subfield code='a'>Rome</subfield>
        <subfield code='x'>History</subfield>
        <subfield code='y'>Revolt of Civilis, 69-70.</subfield>
      </datafield>
      <datafield ind1=' ' ind2='0' tag='651'>
        <subfield code='a'>Rome</subfield>
        <subfield code='x'>History</subfield>
        <subfield code='y'>Vitellius, 69.</subfield>
      </datafield>
      <datafield ind1=' ' ind2='0' tag='651'>
        <subfield code='a'>Rome</subfield>
        <subfield code='x'>History</subfield>
        <subfield code='y'>Flavians, 69-96.</subfield>
      </datafield>
      <datafield ind1=' ' ind2='0' tag='830'>
        <subfield code='a'>Pubblicazioni della Facoltà di lettere e filosofia, Università di Padova ;</subfield>
        <subfield code='v'>v. 16.</subfield>
      </datafield>
      <datafield ind1=' ' ind2=' ' tag='907'>
        <subfield code='a'>b1657107</subfield>
      </datafield>
      <datafield ind1='9' ind2='1' tag='999'>
        <subfield code='i'>i2365220</subfield>
        <subfield code='l'>trln</subfield>
        <subfield code='s'>-</subfield>
        <subfield code='t'>0</subfield>
        <subfield code='c'>1</subfield>
        <subfield code='o'>0</subfield>
        <subfield code='b'>00021447702</subfield>
        <subfield code='p'>090</subfield>
        <subfield code='q'>|aDG288 .Z3</subfield>
      </datafield>
  </record>