
  <record>
    <leader>00000ccm a2200301Ia 4500</leader>
      <controlfield tag='008'>011015s2000    it ora         n    ita d</controlfield>
      <controlfield tag='001'>48150359</controlfield>
      <controlfield tag='005'>20020801145313.0</controlfield>
      <datafield ind1='3' ind2='0' tag='028'>
        <subfield code='a'>S. 11651 Z</subfield>
        <subfield code='b'>Edizione Suvini Zerboni</subfield>
      </datafield>
      <datafield ind1=' ' ind2=' ' tag='040'>
        <subfield code='a'>BGU</subfield>
        <subfield code='c'>BGU</subfield>
        <subfield code='d'>NOC</subfield>
      </datafield>
      <datafield ind1='0' ind2=' ' tag='041'>
        <subfield code='a'>ita</subfield>
        <subfield code='e'>engger</subfield>
        <subfield code='g'>gerengfre</subfield>
      </datafield>
      <datafield ind1=' ' ind2=' ' tag='048'>
        <subfield code='a'>vn</subfield>
        <subfield code='a'>cn</subfield>
        <subfield code='a'>oa</subfield>
      </datafield>
      <datafield ind1='1' ind2=' ' tag='100'>
        <subfield code='a'>Salieri, Antonio,</subfield>
        <subfield code='d'>1750-1825.</subfield>
      </datafield>
      <datafield ind1='1' ind2='0' tag='240'>
        <subfield code='a'>Passione di Gesù Cristo</subfield>
      </datafield>
      <datafield ind1='1' ind2='3' tag='245'>
        <subfield code='a'>La Passione di Gesù Cristo :</subfield>
        <subfield code='b'>oratorio per soli, coro, e orchestra (1776-1778) /</subfield>
        <subfield code='c'>Antonio Salieri ; edizione critica a cura di Elena Biggi Parodi.</subfield>
      </datafield>
      <datafield ind1=' ' ind2=' ' tag='260'>
        <subfield code='a'>Milano :</subfield>
        <subfield code='b'>Edizione Suvini Zerboni,</subfield>
        <subfield code='c'>c2000.</subfield>
      </datafield>
      <datafield ind1=' ' ind2=' ' tag='300'>
        <subfield code='a'>1 score (xliv, 222 p.) ;</subfield>
        <subfield code='c'>30 cm.</subfield>
      </datafield>
      <datafield ind1=' ' ind2=' ' tag='500'>
        <subfield code='a'>For vocal soloists, chorus and orchestra.</subfield>
      </datafield>
      <datafield ind1=' ' ind2='0' tag='650'>
        <subfield code='a'>Oratorios</subfield>
        <subfield code='v'>Scores.</subfield>
      </datafield>
      <datafield ind1=' ' ind2='7' tag='655'>
        <subfield code='a'>Passion music.</subfield>
        <subfield code='2'>lcgft</subfield>
      </datafield>
      <datafield ind1='1' ind2=' ' tag='700'>
        <subfield code='a'>Metastasio, Pietro,</subfield>
        <subfield code='d'>1698-1782.</subfield>
      </datafield>
      <datafield ind1='1' ind2=' ' tag='700'>
        <subfield code='a'>Biggi Parodi, Elena.</subfield>
      </datafield>
      <datafield ind1=' ' ind2=' ' tag='907'>
        <subfield code='a'>b4173956</subfield>
      </datafield>
      <datafield ind1='9' ind2='1' tag='999'>
        <subfield code='i'>i5722813</subfield>
        <subfield code='l'>mmda</subfield>
        <subfield code='s'>-</subfield>
        <subfield code='t'>45</subfield>
        <subfield code='c'>1</subfield>
        <subfield code='o'>0</subfield>
        <subfield code='b'>00020943838</subfield>
        <subfield code='p'>090</subfield>
        <subfield code='q'>|aM2000.S258 P3 2000</subfield>
      </datafield>
  </record>