
  <record>
    <leader>00000cam a22006614a 4500</leader>
      <controlfield tag='006'>m     o  d</controlfield>
      <controlfield tag='007'>cr |n||||||||a</controlfield>
      <controlfield tag='008'>990922s1999    gw      ob    100 0 eng c</controlfield>
      <controlfield tag='001'>243487279wcm</controlfield>
      <controlfield tag='003'>OCoLC</controlfield>
      <controlfield tag='005'>20150530072415.1</controlfield>
      <datafield ind1=' ' ind2=' ' tag='019'>
        <subfield code='a'>150396900wcm</subfield>
        <subfield code='a'>436620448wcm</subfield>
        <subfield code='a'>729901621wcm</subfield>
        <subfield code='a'>771185324wcm</subfield>
      </datafield>
      <datafield ind1=' ' ind2=' ' tag='020'>
        <subfield code='a'>3540481672</subfield>
        <subfield code='q'>electronic bk.</subfield>
      </datafield>
      <datafield ind1=' ' ind2=' ' tag='020'>
        <subfield code='a'>9783540481676</subfield>
        <subfield code='q'>electronic bk.</subfield>
      </datafield>
      <datafield ind1=' ' ind2=' ' tag='020'>
        <subfield code='z'>3540665374</subfield>
      </datafield>
      <datafield ind1=' ' ind2=' ' tag='020'>
        <subfield code='z'>9783540665373</subfield>
      </datafield>
      <datafield ind1=' ' ind2=' ' tag='035'>
        <subfield code='a'>(OCoLC)243487279</subfield>
        <subfield code='z'>(OCoLC)150396900</subfield>
        <subfield code='z'>(OCoLC)436620448</subfield>
        <subfield code='z'>(OCoLC)729901621</subfield>
        <subfield code='z'>(OCoLC)771185324</subfield>
      </datafield>
      <datafield ind1=' ' ind2=' ' tag='040'>
        <subfield code='a'>COO</subfield>
        <subfield code='b'>eng</subfield>
        <subfield code='c'>COO</subfield>
        <subfield code='d'>SFB</subfield>
        <subfield code='d'>WAU</subfield>
        <subfield code='d'>NTE</subfield>
        <subfield code='d'>CUS</subfield>
        <subfield code='d'>EXW</subfield>
        <subfield code='d'>OCLCQ</subfield>
        <subfield code='d'>YNG</subfield>
        <subfield code='d'>OCLCQ</subfield>
        <subfield code='d'>CUS</subfield>
        <subfield code='d'>NLGGC</subfield>
        <subfield code='d'>GW5XE</subfield>
        <subfield code='d'>OCLCF</subfield>
        <subfield code='d'>GW5XE</subfield>
        <subfield code='d'>OHS</subfield>
        <subfield code='d'>OCLCO</subfield>
        <subfield code='d'>OCLCQ</subfield>
      </datafield>
      <datafield ind1=' ' ind2=' ' tag='042'>
        <subfield code='a'>pcc</subfield>
      </datafield>
      <datafield ind1=' ' ind2='4' tag='050'>
        <subfield code='a'>QA76.9.A96</subfield>
        <subfield code='b'>T96 1998</subfield>
      </datafield>
      <datafield ind1='0' ind2='4' tag='082'>
        <subfield code='a'>005.13/1</subfield>
        <subfield code='2'>21</subfield>
      </datafield>
      <datafield ind1='2' ind2=' ' tag='111'>
        <subfield code='a'>TYPES &apos;98</subfield>
        <subfield code='d'>(1998 :</subfield>
        <subfield code='c'>Benediktinerabtei Irsee, Germany)</subfield>
      </datafield>
      <datafield ind1='1' ind2='0' tag='245'>
        <subfield code='a'>Types for proofs and programs</subfield>
        <subfield code='h'>[electronic resource] :</subfield>
        <subfield code='b'>international workshop, TYPES &apos;98, Kloster Irsee, Germany, March 27-31, 1998 : selected papers /</subfield>
        <subfield code='c'>Thorsten Altenkirch, Wolfgang Naraschewski, Bernhard Reus (eds.).</subfield>
      </datafield>
      <datafield ind1='3' ind2=' ' tag='246'>
        <subfield code='a'>TYPES &apos;98</subfield>
      </datafield>
      <datafield ind1=' ' ind2=' ' tag='260'>
        <subfield code='a'>New York :</subfield>
        <subfield code='b'>Springer,</subfield>
        <subfield code='c'>1999.</subfield>
      </datafield>
      <datafield ind1=' ' ind2=' ' tag='300'>
        <subfield code='a'>1 online resource (viii, 207 p.)</subfield>
      </datafield>
      <datafield ind1=' ' ind2=' ' tag='336'>
        <subfield code='a'>text</subfield>
        <subfield code='b'>txt</subfield>
        <subfield code='2'>rdacontent</subfield>
      </datafield>
      <datafield ind1=' ' ind2=' ' tag='337'>
        <subfield code='a'>computer</subfield>
        <subfield code='b'>c</subfield>
        <subfield code='2'>rdamedia</subfield>
      </datafield>
      <datafield ind1=' ' ind2=' ' tag='338'>
        <subfield code='a'>online resource</subfield>
        <subfield code='b'>cr</subfield>
        <subfield code='2'>rdacarrier</subfield>
      </datafield>
      <datafield ind1=' ' ind2=' ' tag='504'>
        <subfield code='a'>Includes bibliographical references.</subfield>
      </datafield>
      <datafield ind1='0' ind2=' ' tag='505'>
        <subfield code='a'>On relating type theories and set theories / Peter Aczel -- Communication modelling and context-dependent interpretation : an integrated approach / René Ahn, Tijn Borghuis -- Gröbner bases in type theory / Thierry Coquand, Henrik Persson -- A modal lambda calculus with iteration and case constructs / Joëlle Despeyroux, Pierre Leleu -- Proof normalization modulo / Gilles Dowek, Benjamin Werner -- Proof of imperative programs in type theory / Jean-Christophe Filliâtre -- An interpretation of the fan theorem in type theory / Daniel Fridlender -- Conjunctive types and SKInT / Jean Goubault-Larrecq -- Modular structures as dependent types in Isabelle / Florian Kammüller -- Metatheory of verification calculi in LEGO / Thomas Kleymann -- Bounded polymorphism for extensible objects / Luigi Liquori -- About effective quotients in constructive type theory / Maria Emilia Maietti -- Algorithms for equality and unification in the presence of notational definitions / Frank Pfenning, Carsten Schürmann -- A preview of the basic picture : a new perspective on formal topology / Giovanni Sambin, Silvia Gebellato.</subfield>
      </datafield>
      <datafield ind1='1' ind2=' ' tag='506'>
        <subfield code='a'>Access limited to UNC Chapel Hill-authenticated users.</subfield>
        <subfield code='f'>Unlimited simultaneous users</subfield>
      </datafield>
      <datafield ind1=' ' ind2=' ' tag='520'>
        <subfield code='a'>This book constitutes the strictly refereed post-workshop proceedings of the International Workshop on Types for Proofs and Programs, TYPES &apos;98, held under the auspices of the ESPRIT Working Group 21900. The 14 revised full papers presented went through a thorough process of reviewing and revision and were selected from a total of 25 candidate papers. All current aspects of type theory and type systems and their relation to proof theory are addressed.</subfield>
      </datafield>
      <datafield ind1=' ' ind2='0' tag='650'>
        <subfield code='a'>Automatic theorem proving</subfield>
        <subfield code='v'>Congresses.</subfield>
      </datafield>
      <datafield ind1=' ' ind2='2' tag='650'>
        <subfield code='a'>Computing Methodologies.</subfield>
      </datafield>
      <datafield ind1=' ' ind2='0' tag='650'>
        <subfield code='a'>Computer programming</subfield>
        <subfield code='v'>Congresses.</subfield>
      </datafield>
      <datafield ind1=' ' ind2='0' tag='650'>
        <subfield code='a'>Type theory</subfield>
        <subfield code='v'>Congresses.</subfield>
      </datafield>
      <datafield ind1=' ' ind2='7' tag='650'>
        <subfield code='a'>Automatic theorem proving.</subfield>
        <subfield code='2'>fast</subfield>
        <subfield code='0'>(OCoLC)fst00822777</subfield>
      </datafield>
      <datafield ind1=' ' ind2='7' tag='650'>
        <subfield code='a'>Computer programming.</subfield>
        <subfield code='2'>fast</subfield>
        <subfield code='0'>(OCoLC)fst00872390</subfield>
      </datafield>
      <datafield ind1=' ' ind2='7' tag='650'>
        <subfield code='a'>Type theory.</subfield>
        <subfield code='2'>fast</subfield>
        <subfield code='0'>(OCoLC)fst01159972</subfield>
      </datafield>
      <datafield ind1=' ' ind2='2' tag='655'>
        <subfield code='a'>Congresses.</subfield>
      </datafield>
      <datafield ind1=' ' ind2='7' tag='655'>
        <subfield code='a'>Conference proceedings.</subfield>
        <subfield code='2'>fast</subfield>
        <subfield code='0'>(OCoLC)fst01423772</subfield>
      </datafield>
      <datafield ind1='1' ind2=' ' tag='700'>
        <subfield code='a'>Altenkirch, Thorsten,</subfield>
        <subfield code='d'>1962-</subfield>
      </datafield>
      <datafield ind1='1' ind2=' ' tag='700'>
        <subfield code='a'>Naraschewski, Wolfgang,</subfield>
        <subfield code='d'>1970-</subfield>
      </datafield>
      <datafield ind1='1' ind2=' ' tag='700'>
        <subfield code='a'>Reus, Bernhard,</subfield>
        <subfield code='d'>1965-</subfield>
      </datafield>
      <datafield ind1='0' ind2=' ' tag='773'>
        <subfield code='t'>OCLC WorldShare Collection Manager managed collection. EbookMain</subfield>
      </datafield>
      <datafield ind1='0' ind2=' ' tag='773'>
        <subfield code='t'>Springer major series e-books (online collection). Lecture notes in computer science. Pre-2005</subfield>
      </datafield>
      <datafield ind1='0' ind2='8' tag='776'>
        <subfield code='i'>Print version:</subfield>
        <subfield code='a'>TYPES &apos;98 (1998 : Benediktinerabtei Irsee, Germany).</subfield>
        <subfield code='t'>Types for proofs and programs.</subfield>
        <subfield code='d'>New York : Springer, 1999</subfield>
        <subfield code='z'>3540665374</subfield>
        <subfield code='w'>(DLC)   99049081</subfield>
        <subfield code='w'>(OCoLC)42580071</subfield>
      </datafield>
      <datafield ind1=' ' ind2='0' tag='830'>
        <subfield code='a'>Lecture notes in computer science ;</subfield>
        <subfield code='v'>1657.</subfield>
      </datafield>
      <datafield ind1='4' ind2='0' tag='856'>
        <subfield code='u'>http://libproxy.lib.unc.edu/login?url=http://link.springer.com/10.1007/3-540-48167-2</subfield>
        <subfield code='y'>Full text available via the UNC-Chapel Hill Libraries</subfield>
      </datafield>
      <datafield ind1=' ' ind2='1' tag='907'>
        <subfield code='a'>b8507722</subfield>
      </datafield>
  </record>