
  <record>
    <leader>00000ngm a2200457Ia 4500</leader>
      <controlfield tag='006'>m    |o  c |</controlfield>
      <controlfield tag='007'>cr cna</controlfield>
      <controlfield tag='007'>vz czazzu</controlfield>
      <controlfield tag='008'>131230s1997||||nyu028 |     |o   vleng|d</controlfield>
      <controlfield tag='001'>FMGFOD50247</controlfield>
      <controlfield tag='003'>FOD</controlfield>
      <controlfield tag='005'>20131218151047.0</controlfield>
      <datafield ind1='4' ind2='0' tag='028'>
        <subfield code='a'>50247</subfield>
        <subfield code='b'>Films Media Group</subfield>
      </datafield>
      <datafield ind1=' ' ind2=' ' tag='035'>
        <subfield code='a'>(OCoLC)867046868</subfield>
      </datafield>
      <datafield ind1=' ' ind2=' ' tag='040'>
        <subfield code='a'>AzPhAEM</subfield>
        <subfield code='b'>eng</subfield>
      </datafield>
      <datafield ind1='0' ind2='0' tag='245'>
        <subfield code='a'>Animal Tales</subfield>
        <subfield code='h'>[electronic resource] :</subfield>
        <subfield code='b'>Elephant Show / Eagle Under the Sea /</subfield>
        <subfield code='c'>Worldwide Media (Firm).</subfield>
      </datafield>
      <datafield ind1='3' ind2=' ' tag='246'>
        <subfield code='a'>Eagle Under the Sea</subfield>
      </datafield>
      <datafield ind1='3' ind2=' ' tag='246'>
        <subfield code='a'>Elephant Show / Eagle Under the Sea</subfield>
      </datafield>
      <datafield ind1='3' ind2=' ' tag='260'>
        <subfield code='a'>New York, N.Y. :</subfield>
        <subfield code='b'>Films Media Group,</subfield>
        <subfield code='c'>[2013], c1997.</subfield>
      </datafield>
      <datafield ind1=' ' ind2=' ' tag='300'>
        <subfield code='a'>1 streaming video (28 min.)</subfield>
      </datafield>
      <datafield ind1=' ' ind2=' ' tag='336'>
        <subfield code='a'>two-dimensional moving image</subfield>
        <subfield code='b'>tdi</subfield>
        <subfield code='2'>rdacontent</subfield>
      </datafield>
      <datafield ind1=' ' ind2=' ' tag='337'>
        <subfield code='a'>computer</subfield>
        <subfield code='b'>c</subfield>
        <subfield code='2'>rdamedia</subfield>
      </datafield>
      <datafield ind1=' ' ind2=' ' tag='338'>
        <subfield code='a'>online resource</subfield>
        <subfield code='b'>cr</subfield>
        <subfield code='2'>rdacarrier</subfield>
      </datafield>
      <datafield ind1='0' ind2=' ' tag='505'>
        <subfield code='a'>Elephant Show (1:56) -- Fooling Friends (1:32) -- Elephant Jokes (1:37) -- Meerkats and Elephants (0:59) -- Elephant Stories (1:30) -- Elephant Facts (2:28) -- Toes, Tusks, and Trunks (1:33) -- Elephant Safari (2:14) -- Eagle Under the Sea (1:29) -- Waking Up Under the Sea (2:09) -- In Search of the Sunken Ship (3:07) -- Learning to be Helpful (4:06) -- All About Manta Rays (1:46) -- Credits: Animal Tales: Elephant Show / Eagle Under the Sea (1:03)</subfield>
      </datafield>
      <datafield ind1='1' ind2=' ' tag='506'>
        <subfield code='a'>Access limited to UNC Chapel Hill-authenticated users.</subfield>
        <subfield code='f'>Unlimited simultaneous users</subfield>
      </datafield>
      <datafield ind1=' ' ind2=' ' tag='520'>
        <subfield code='a'>Nothing captures the imagination of children better than animals-especially when those animals are on exciting adventures. This program features two delightful tales that follow real animals through amazing experiences where they learn important lessons about life. As the animals in each story learn from their adventures so will young viewers while thoroughly enjoying these remarkable videos. In part one of this captivating adventure, elephant traits and characteristics are revealed. In part two, a manta ray helps those around her.</subfield>
      </datafield>
      <datafield ind1='2' ind2=' ' tag='521'>
        <subfield code='a'>PK-6.</subfield>
      </datafield>
      <datafield ind1='0' ind2=' ' tag='588'>
        <subfield code='a'>Title from distributor&apos;s description.</subfield>
      </datafield>
      <datafield ind1=' ' ind2='0' tag='650'>
        <subfield code='a'>Animals.</subfield>
      </datafield>
      <datafield ind1=' ' ind2='0' tag='650'>
        <subfield code='a'>Learning.</subfield>
      </datafield>
      <datafield ind1=' ' ind2='0' tag='655'>
        <subfield code='a'>Educational films.</subfield>
      </datafield>
      <datafield ind1='2' ind2=' ' tag='710'>
        <subfield code='a'>Worldwide Media (Firm).</subfield>
      </datafield>
      <datafield ind1='0' ind2=' ' tag='773'>
        <subfield code='t'>FMG films on demand (online collection)</subfield>
      </datafield>
      <datafield ind1='4' ind2='0' tag='856'>
        <subfield code='u'>http://libproxy.lib.unc.edu/login?url=http://fod.infobase.com/PortalPlaylists.aspx?wID=102632&amp;xtid=50247</subfield>
        <subfield code='y'>Streaming video available via the UNC-Chapel Hill Libraries</subfield>
        <subfield code='x'>FMG Films on Demand</subfield>
      </datafield>
      <datafield ind1=' ' ind2=' ' tag='919'>
        <subfield code='a'>filmfinder</subfield>
      </datafield>
      <datafield ind1=' ' ind2='1' tag='907'>
        <subfield code='a'>b8317386</subfield>
      </datafield>
  </record>