
  <record>
    <leader>00000cam a22002777  4500</leader>
      <controlfield tag='006'>m        d</controlfield>
      <controlfield tag='008'>070904s1989    mau||||fs|||| 000 0 eng d</controlfield>
      <controlfield tag='007'>cr un</controlfield>
      <controlfield tag='001'>NBERW2940</controlfield>
      <controlfield tag='003'>NBER</controlfield>
      <controlfield tag='005'>20070904034735.0</controlfield>
      <datafield ind1='1' ind2=' ' tag='100'>
        <subfield code='a'>Wijnbergen, Sweder van,</subfield>
        <subfield code='d'>1951-</subfield>
      </datafield>
      <datafield ind1='1' ind2='0' tag='245'>
        <subfield code='a'>Capital Controls and the Real Exchange Rate</subfield>
        <subfield code='h'>[electronic resource] /</subfield>
        <subfield code='c'>Sweder van Wijnbergen.</subfield>
      </datafield>
      <datafield ind1=' ' ind2=' ' tag='260'>
        <subfield code='a'>Cambridge, Mass. :</subfield>
        <subfield code='b'>National Bureau of Economic Research,</subfield>
        <subfield code='c'>1989.</subfield>
      </datafield>
      <datafield ind1=' ' ind2=' ' tag='500'>
        <subfield code='a'>April 1989.</subfield>
      </datafield>
      <datafield ind1='1' ind2=' ' tag='506'>
        <subfield code='a'>Access limited to UNC Chapel Hill-authenticated users.</subfield>
        <subfield code='f'>Unlimited simultaneous users</subfield>
      </datafield>
      <datafield ind1=' ' ind2=' ' tag='520'>
        <subfield code='a'>Using an intertemporal, two-country general equilibrium model, I demonstrate that international asymmetries in expenditure patterns determine the real exchange rate effects of capital controls. Capital import taxes lower world interest rates, but raise home interest rates. These changes in interest rates bring about a change in the composition of world expenditure, with a shift of home expenditure from the present (&apos;today&apos;) to the future (&apos;tomorrow&apos;), and a shift of foreign aggregate expenditure from tomorrow to today. If the pattern of expenditure across commodities is the same at home and abroad, the change in the composition of world expenditure has no effects on the (excess) demand for any particular commodity. Therefore, with identical expenditure patterns at home and abroad, the imposition of capital controls has no effect on the real exchange rate. However, when consumers have a preference for domestically produced goods, the shift in composition of world expenditure caused by interest rate changes implies a decline in demand today for home goods. In that case, capital controls lower the real exchange rate. Of course, in period two the reverse happens. This result is mitigated when the country imposing capital controls is a large debtor.</subfield>
      </datafield>
      <datafield ind1=' ' ind2=' ' tag='538'>
        <subfield code='a'>System requirements: Adobe [Acrobat] Reader required for PDF files.</subfield>
      </datafield>
      <datafield ind1=' ' ind2=' ' tag='538'>
        <subfield code='a'>Mode of access: World Wide Web.</subfield>
      </datafield>
      <datafield ind1='2' ind2=' ' tag='710'>
        <subfield code='a'>National Bureau of Economic Research.</subfield>
      </datafield>
      <datafield ind1='0' ind2=' ' tag='773'>
        <subfield code='t'>National Bureau of Economic Research (NBER) working papers (online collection)</subfield>
      </datafield>
      <datafield ind1=' ' ind2='0' tag='830'>
        <subfield code='a'>Working paper series (National Bureau of Economic Research : Online) ;</subfield>
        <subfield code='v'>working paper no. 2940.</subfield>
      </datafield>
      <datafield ind1='4' ind2='0' tag='856'>
        <subfield code='u'>http://libproxy.lib.unc.edu/login?url=http://www.nber.org/papers/W2940</subfield>
        <subfield code='y'>Full text available via the UNC-Chapel Hill Libraries</subfield>
        <subfield code='x'>NBER electronic working paper</subfield>
      </datafield>
      <datafield ind1=' ' ind2=' ' tag='907'>
        <subfield code='a'>b5275443</subfield>
      </datafield>
  </record>