
  <record>
    <leader>00000nam  2200217Ia 4500</leader>
      <controlfield tag='008'>041216s19uu    gw a          000 1 ger d</controlfield>
      <controlfield tag='001'>57242993</controlfield>
      <controlfield tag='003'>OCoLC</controlfield>
      <controlfield tag='005'>20051123104836.0</controlfield>
      <datafield ind1=' ' ind2=' ' tag='035'>
        <subfield code='a'>(OCoLC)57242993</subfield>
      </datafield>
      <datafield ind1=' ' ind2=' ' tag='040'>
        <subfield code='a'>KLG</subfield>
        <subfield code='c'>KLG</subfield>
        <subfield code='d'>NOC</subfield>
      </datafield>
      <datafield ind1=' ' ind2=' ' tag='049'>
        <subfield code='a'>NOCC</subfield>
      </datafield>
      <datafield ind1='1' ind2=' ' tag='100'>
        <subfield code='a'>Stifter, Adalbert,</subfield>
        <subfield code='d'>1805-1868.</subfield>
      </datafield>
      <datafield ind1='1' ind2='0' tag='245'>
        <subfield code='a'>Bergkristall :</subfield>
        <subfield code='b'>Erzählung /</subfield>
        <subfield code='c'>von Adalbert Stifter ; Bilder von Ludwig Enders.</subfield>
      </datafield>
      <datafield ind1=' ' ind2=' ' tag='260'>
        <subfield code='a'>München :</subfield>
        <subfield code='b'>G.W. Dietrich,</subfield>
        <subfield code='c'>[19--?]</subfield>
      </datafield>
      <datafield ind1=' ' ind2=' ' tag='300'>
        <subfield code='a'>107 p. :</subfield>
        <subfield code='b'>ill. ;</subfield>
        <subfield code='c'>20 cm.</subfield>
      </datafield>
      <datafield ind1=' ' ind2=' ' tag='546'>
        <subfield code='a'>In German;</subfield>
        <subfield code='b'>Fraktur.</subfield>
      </datafield>
      <datafield ind1=' ' ind2='0' tag='830'>
        <subfield code='a'>Sammlung 14. Buch.</subfield>
      </datafield>
      <datafield ind1=' ' ind2=' ' tag='907'>
        <subfield code='a'>b4782159</subfield>
      </datafield>
      <datafield ind1='9' ind2='1' tag='999'>
        <subfield code='i'>i6295442</subfield>
        <subfield code='l'>ddda</subfield>
        <subfield code='s'>-</subfield>
        <subfield code='t'>0</subfield>
        <subfield code='c'>1</subfield>
        <subfield code='o'>0</subfield>
        <subfield code='b'>00025265221</subfield>
        <subfield code='p'>090</subfield>
        <subfield code='q'>|aPT2525|b.B4 1900z</subfield>
      </datafield>
  </record>