
  <record>
    <leader>00000cam  2200169I  4500</leader>
      <controlfield tag='008'>910612s1940    nyu           000 1 eng  </controlfield>
      <controlfield tag='001'>1090851</controlfield>
      <controlfield tag='005'>19910612000000.0</controlfield>
      <datafield ind1=' ' ind2=' ' tag='010'>
        <subfield code='a'>40027062</subfield>
      </datafield>
      <datafield ind1=' ' ind2=' ' tag='040'>
        <subfield code='a'>DLC</subfield>
        <subfield code='c'>BOS</subfield>
        <subfield code='d'>m.c.</subfield>
        <subfield code='d'>OCL</subfield>
        <subfield code='d'>SER</subfield>
      </datafield>
      <datafield ind1='0' ind2=' ' tag='050'>
        <subfield code='a'>PZ3.B8555</subfield>
        <subfield code='b'>Ot</subfield>
      </datafield>
      <datafield ind1='1' ind2=' ' tag='100'>
        <subfield code='a'>Buck, Pearl S.</subfield>
        <subfield code='q'>(Pearl Sydenstricker),</subfield>
        <subfield code='d'>1892-1973.</subfield>
      </datafield>
      <datafield ind1='1' ind2='0' tag='245'>
        <subfield code='a'>Other gods;</subfield>
        <subfield code='b'>an American legend.</subfield>
      </datafield>
      <datafield ind1=' ' ind2=' ' tag='260'>
        <subfield code='a'>New York,</subfield>
        <subfield code='b'>The John Day Company</subfield>
        <subfield code='c'>[c1940]</subfield>
      </datafield>
      <datafield ind1=' ' ind2=' ' tag='300'>
        <subfield code='a'>4 p. ℓ., 3-381 p.</subfield>
        <subfield code='c'>21 cm.</subfield>
      </datafield>
      <datafield ind1=' ' ind2=' ' tag='500'>
        <subfield code='a'>At head of title: Pearl S. Buck.</subfield>
      </datafield>
      <datafield ind1=' ' ind2=' ' tag='500'>
        <subfield code='a'>&quot;A shorter version of this book appeared in serial form in Good housekeeping magazine under the title, An American legend.&quot;</subfield>
      </datafield>
      <datafield ind1=' ' ind2=' ' tag='907'>
        <subfield code='a'>b1234247</subfield>
      </datafield>
      <datafield ind1='9' ind2='1' tag='999'>
        <subfield code='i'>i1410579</subfield>
        <subfield code='l'>ddda</subfield>
        <subfield code='s'>-</subfield>
        <subfield code='t'>0</subfield>
        <subfield code='c'>1</subfield>
        <subfield code='o'>0</subfield>
        <subfield code='b'>HAGU-8650-00001</subfield>
        <subfield code='p'>090</subfield>
        <subfield code='q'>|aPS3503.U198 O7</subfield>
      </datafield>
  </record>