
  <record>
    <leader>00000cam a2200265Ia 4500</leader>
      <controlfield tag='007'>hdrafa014baca</controlfield>
      <controlfield tag='007'>hdubfu---bubu</controlfield>
      <controlfield tag='008'>760721s19uu    nyu     a     000 1 eng d</controlfield>
      <controlfield tag='001'>2325281</controlfield>
      <controlfield tag='005'>19960618115024.0</controlfield>
      <datafield ind1=' ' ind2=' ' tag='010'>
        <subfield code='a'>nuc87714267</subfield>
      </datafield>
      <datafield ind1=' ' ind2=' ' tag='040'>
        <subfield code='a'>ResP</subfield>
        <subfield code='c'>JNA</subfield>
        <subfield code='d'>LWS</subfield>
        <subfield code='d'>RQM</subfield>
        <subfield code='d'>OCL</subfield>
      </datafield>
      <datafield ind1='1' ind2='4' tag='050'>
        <subfield code='a'>PS15</subfield>
      </datafield>
      <datafield ind1='0' ind2=' ' tag='100'>
        <subfield code='a'>Author of Peter Parley.</subfield>
      </datafield>
      <datafield ind1='1' ind2='0' tag='245'>
        <subfield code='a'>Tales for the times, being a selection of interesting stories</subfield>
        <subfield code='h'>[microform] /</subfield>
        <subfield code='c'>by the author of Peter Parley.</subfield>
      </datafield>
      <datafield ind1=' ' ind2=' ' tag='260'>
        <subfield code='a'>New York :</subfield>
        <subfield code='b'>Cornish, Lamport &amp; Co.,</subfield>
        <subfield code='c'>[18--]</subfield>
      </datafield>
      <datafield ind1=' ' ind2=' ' tag='300'>
        <subfield code='a'>192 p.</subfield>
      </datafield>
      <datafield ind1=' ' ind2=' ' tag='500'>
        <subfield code='a'>Master microform held by: ResP.</subfield>
      </datafield>
      <datafield ind1=' ' ind2=' ' tag='533'>
        <subfield code='a'>Microfilm.</subfield>
        <subfield code='b'>Woodbridge, Conn. :</subfield>
        <subfield code='c'>Research Publications,</subfield>
        <subfield code='d'>197-.</subfield>
        <subfield code='e'>1 microfilm reel ; 35 mm.</subfield>
        <subfield code='f'>(Wright American fiction ; v. 1 (1774-1850), reel T-1, no. 2530).</subfield>
      </datafield>
      <datafield ind1=' ' ind2=' ' tag='539'>
        <subfield code='a'>q</subfield>
        <subfield code='b'>1970</subfield>
        <subfield code='c'>1979</subfield>
        <subfield code='d'>ctu</subfield>
        <subfield code='e'>n</subfield>
      </datafield>
      <datafield ind1=' ' ind2='0' tag='830'>
        <subfield code='a'>Wright American fiction.</subfield>
        <subfield code='n'>v. 1,</subfield>
        <subfield code='p'>1774-1850 ;</subfield>
        <subfield code='v'>reel T-1, no. 2530.</subfield>
      </datafield>
      <datafield ind1=' ' ind2=' ' tag='907'>
        <subfield code='a'>b2854548</subfield>
      </datafield>
      <datafield ind1='9' ind2='1' tag='999'>
        <subfield code='i'>i4092377</subfield>
        <subfield code='l'>dgdaa</subfield>
        <subfield code='s'>-</subfield>
        <subfield code='t'>28</subfield>
        <subfield code='c'>1</subfield>
        <subfield code='o'>0</subfield>
        <subfield code='b'>HATB-9960-00001</subfield>
        <subfield code='p'>099</subfield>
        <subfield code='q'>|a1-118 v. 1 (1774-1850), reel T-1, no. 25</subfield>
      </datafield>
  </record>