
  <record>
    <leader>00000nam  2200385 a 4500</leader>
      <controlfield tag='008'>101019s2010    dcua    bb   f000 0 eng c</controlfield>
      <controlfield tag='007'>he bmb024bbca</controlfield>
      <controlfield tag='001'>670553881</controlfield>
      <controlfield tag='003'>OCoLC</controlfield>
      <controlfield tag='005'>20101019111621.0</controlfield>
      <datafield ind1=' ' ind2=' ' tag='019'>
        <subfield code='a'>tmp97390298</subfield>
      </datafield>
      <datafield ind1=' ' ind2=' ' tag='037'>
        <subfield code='a'>552-070-41456-8</subfield>
        <subfield code='b'>GPO</subfield>
        <subfield code='f'>paper</subfield>
      </datafield>
      <datafield ind1=' ' ind2=' ' tag='040'>
        <subfield code='a'>GPO</subfield>
        <subfield code='c'>GPO</subfield>
        <subfield code='d'>MvI</subfield>
      </datafield>
      <datafield ind1=' ' ind2=' ' tag='042'>
        <subfield code='a'>pcc</subfield>
      </datafield>
      <datafield ind1=' ' ind2=' ' tag='043'>
        <subfield code='a'>n-us---</subfield>
      </datafield>
      <datafield ind1='1' ind2='4' tag='050'>
        <subfield code='a'>KF26</subfield>
        <subfield code='b'>.H6316 2009c</subfield>
      </datafield>
      <datafield ind1=' ' ind2=' ' tag='074'>
        <subfield code='a'>1037-C (MF)</subfield>
      </datafield>
      <datafield ind1='0' ind2=' ' tag='086'>
        <subfield code='a'>Y 4.G 74/9:S.HRG.111-547</subfield>
      </datafield>
      <datafield ind1='1' ind2=' ' tag='110'>
        <subfield code='a'>United States.</subfield>
        <subfield code='b'>Congress.</subfield>
        <subfield code='b'>Senate.</subfield>
        <subfield code='b'>Committee on Homeland Security and Governmental Affairs.</subfield>
        <subfield code='b'>Ad Hoc Subcommittee on Disaster Recovery.</subfield>
      </datafield>
      <datafield ind1='1' ind2='0' tag='245'>
        <subfield code='a'>Children and disasters</subfield>
        <subfield code='h'>[microform] :</subfield>
        <subfield code='b'>a progress report on addressing needs : hearing before the Ad Hoc Subcommittee on Disaster Recovery of the Committee on Homeland Security and Governmental Affairs, United States Senate, One Hundred Eleventh Congress, first session, De[c]ember 10, 2009.</subfield>
      </datafield>
      <datafield ind1=' ' ind2=' ' tag='260'>
        <subfield code='a'>Washington :</subfield>
        <subfield code='b'>U.S. G.P.O. :</subfield>
        <subfield code='b'>For sale by the Supt. of Docs., U.S. G.P.O.,</subfield>
        <subfield code='c'>2010.</subfield>
      </datafield>
      <datafield ind1=' ' ind2=' ' tag='300'>
        <subfield code='a'>iv, 217 p. :</subfield>
        <subfield code='b'>ill. ;</subfield>
        <subfield code='c'>24 cm.</subfield>
      </datafield>
      <datafield ind1=' ' ind2=' ' tag='500'>
        <subfield code='a'>Shipping list no.: 2010-0300-M.</subfield>
      </datafield>
      <datafield ind1=' ' ind2=' ' tag='504'>
        <subfield code='a'>Includes bibliographical references.</subfield>
      </datafield>
      <datafield ind1=' ' ind2=' ' tag='533'>
        <subfield code='a'>Microfiche.</subfield>
        <subfield code='b'>[Washington, D.C.] :</subfield>
        <subfield code='c'>Supt. of Docs., U.S. G.P.O.,</subfield>
        <subfield code='d'>[2010].</subfield>
        <subfield code='e'>3 microfiches : negative.</subfield>
      </datafield>
      <datafield ind1=' ' ind2='0' tag='650'>
        <subfield code='a'>Child disaster victims</subfield>
        <subfield code='x'>Services for</subfield>
        <subfield code='z'>United States.</subfield>
      </datafield>
      <datafield ind1=' ' ind2='0' tag='650'>
        <subfield code='a'>Child disaster victims</subfield>
        <subfield code='x'>Government policy</subfield>
        <subfield code='z'>United States.</subfield>
      </datafield>
      <datafield ind1='0' ind2='8' tag='776'>
        <subfield code='i'>Online version:</subfield>
        <subfield code='a'>United States. Congress. Senate. Committee on Homeland Security and Governmental Affairs.  Ad Hoc Subcommittee on Disaster Recovery.</subfield>
        <subfield code='t'>Children and disasters : a progress report on addressing needs</subfield>
        <subfield code='h'>iv, 217 p.</subfield>
        <subfield code='w'>(OCoLC)656586761</subfield>
      </datafield>
      <datafield ind1='0' ind2='8' tag='776'>
        <subfield code='i'>Print version:</subfield>
        <subfield code='a'>United States. Congress. Senate. Committee on Homeland Security and Governmental Affairs.  Ad Hoc Subcommittee on Disaster Recovery.</subfield>
        <subfield code='t'>Children and disasters : a progress report on addressing needs</subfield>
        <subfield code='h'>iv, 217 p.</subfield>
        <subfield code='w'>(OCoLC)652174523</subfield>
      </datafield>
      <datafield ind1='1' ind2=' ' tag='810'>
        <subfield code='a'>United States.</subfield>
        <subfield code='b'>Congress.</subfield>
        <subfield code='b'>Senate.</subfield>
        <subfield code='t'>S. hrg. ;</subfield>
        <subfield code='v'>111-547.</subfield>
      </datafield>
      <datafield ind1=' ' ind2=' ' tag='907'>
        <subfield code='a'>b6468949</subfield>
      </datafield>
      <datafield ind1='9' ind2='1' tag='999'>
        <subfield code='i'>i8480029</subfield>
        <subfield code='l'>dcpfb</subfield>
        <subfield code='s'>-</subfield>
        <subfield code='t'>20</subfield>
        <subfield code='c'>1</subfield>
        <subfield code='o'>0</subfield>
        <subfield code='p'>086</subfield>
        <subfield code='q'>|aY 4.G 74/9:S.HRG.111-547</subfield>
      </datafield>
      <datafield ind1='9' ind2='1' tag='999'>
        <subfield code='i'>i8480030</subfield>
        <subfield code='l'>kdfc</subfield>
        <subfield code='s'>o</subfield>
        <subfield code='t'>27</subfield>
        <subfield code='c'>1</subfield>
        <subfield code='o'>0</subfield>
        <subfield code='p'>086</subfield>
        <subfield code='q'>|aY 4.G 74/9:S.HRG.111-547</subfield>
      </datafield>
  </record>