
  <record>
    <leader>00000cas  2200433Ia 4500</leader>
      <controlfield tag='008'>841009d19791982ncuar     s  s0    0eng d</controlfield>
      <controlfield tag='001'>11240799</controlfield>
      <controlfield tag='003'>OCoLC</controlfield>
      <controlfield tag='005'>20071108082433.0</controlfield>
      <datafield ind1=' ' ind2=' ' tag='035'>
        <subfield code='a'>(OCoLC)11240799</subfield>
      </datafield>
      <datafield ind1=' ' ind2=' ' tag='037'>
        <subfield code='a'>02600</subfield>
        <subfield code='b'>NCTE</subfield>
      </datafield>
      <datafield ind1=' ' ind2=' ' tag='040'>
        <subfield code='a'>NCS</subfield>
        <subfield code='c'>NCS</subfield>
        <subfield code='d'>OCL</subfield>
        <subfield code='d'>NOC</subfield>
      </datafield>
      <datafield ind1=' ' ind2=' ' tag='043'>
        <subfield code='a'>n-us-nc</subfield>
      </datafield>
      <datafield ind1=' ' ind2=' ' tag='049'>
        <subfield code='a'>NODE</subfield>
      </datafield>
      <datafield ind1='0' ind2=' ' tag='086'>
        <subfield code='a'>C2 308:C61 year</subfield>
        <subfield code='2'>ncdocs</subfield>
      </datafield>
      <datafield ind1='1' ind2=' ' tag='110'>
        <subfield code='a'>North Carolina.</subfield>
        <subfield code='b'>Industrial Development Division.</subfield>
      </datafield>
      <datafield ind1='1' ind2='0' tag='245'>
        <subfield code='a'>North Carolina profile on Bladen County</subfield>
        <subfield code='h'>[serial] :</subfield>
        <subfield code='b'>Clarkton.</subfield>
      </datafield>
      <datafield ind1=' ' ind2=' ' tag='260'>
        <subfield code='a'>Raleigh, N.C. :</subfield>
        <subfield code='b'>N.C. Dept. of Commerce, Industrial Development Division,</subfield>
        <subfield code='c'>[1979]-1982.</subfield>
      </datafield>
      <datafield ind1=' ' ind2=' ' tag='300'>
        <subfield code='a'>4 v. ;</subfield>
        <subfield code='c'>28 cm.</subfield>
      </datafield>
      <datafield ind1=' ' ind2=' ' tag='310'>
        <subfield code='a'>Annual</subfield>
      </datafield>
      <datafield ind1='1' ind2=' ' tag='362'>
        <subfield code='a'>Began with: 1978/1979.</subfield>
      </datafield>
      <datafield ind1='0' ind2=' ' tag='362'>
        <subfield code='a'>-1982.</subfield>
      </datafield>
      <datafield ind1=' ' ind2=' ' tag='500'>
        <subfield code='a'>Description based on: 1980; title from caption.</subfield>
      </datafield>
      <datafield ind1='1' ind2='0' tag='610'>
        <subfield code='a'>North Carolina.</subfield>
        <subfield code='b'>Industrial Development Division</subfield>
        <subfield code='v'>Periodicals.</subfield>
      </datafield>
      <datafield ind1=' ' ind2='0' tag='650'>
        <subfield code='a'>Economic development</subfield>
        <subfield code='z'>North Carolina</subfield>
        <subfield code='z'>Clarkton</subfield>
        <subfield code='v'>Statistics</subfield>
        <subfield code='v'>Periodicals.</subfield>
      </datafield>
      <datafield ind1=' ' ind2='0' tag='651'>
        <subfield code='a'>Clarkton (N.C.)</subfield>
        <subfield code='x'>Economic conditions</subfield>
        <subfield code='v'>Statistics</subfield>
        <subfield code='v'>Periodicals.</subfield>
      </datafield>
      <datafield ind1=' ' ind2='0' tag='651'>
        <subfield code='a'>Clarkton (N.C.)</subfield>
        <subfield code='v'>Statistics</subfield>
        <subfield code='v'>Periodicals.</subfield>
      </datafield>
      <datafield ind1='0' ind2='0' tag='780'>
        <subfield code='t'>Clarkton</subfield>
        <subfield code='w'>(OCoLC)11240808</subfield>
      </datafield>
      <datafield ind1='0' ind2='0' tag='785'>
        <subfield code='a'>North Carolina. Industrial Development Division.</subfield>
        <subfield code='t'>North Carolina profile: Clarkton</subfield>
        <subfield code='w'>(OCoLC)11240814</subfield>
      </datafield>
      <datafield ind1=' ' ind2=' ' tag='907'>
        <subfield code='a'>b5298776</subfield>
      </datafield>
      <datafield ind1='9' ind2='1' tag='999'>
        <subfield code='i'>i6978615</subfield>
        <subfield code='l'>wbda</subfield>
        <subfield code='s'>o</subfield>
        <subfield code='t'>2</subfield>
        <subfield code='c'>1</subfield>
        <subfield code='o'>0</subfield>
        <subfield code='p'>099</subfield>
        <subfield code='q'>|aCp971|aN87i|aBLAD</subfield>
        <subfield code='v'>1980</subfield>
      </datafield>
      <datafield ind1='9' ind2='1' tag='999'>
        <subfield code='i'>i6978616</subfield>
        <subfield code='l'>wbda</subfield>
        <subfield code='s'>o</subfield>
        <subfield code='t'>2</subfield>
        <subfield code='c'>2</subfield>
        <subfield code='o'>0</subfield>
        <subfield code='p'>099</subfield>
        <subfield code='q'>|aCp971|aN87i|aBLAD</subfield>
        <subfield code='v'>1980</subfield>
      </datafield>
      <datafield ind1='9' ind2='1' tag='999'>
        <subfield code='i'>i6978617</subfield>
        <subfield code='l'>wbda</subfield>
        <subfield code='s'>o</subfield>
        <subfield code='t'>2</subfield>
        <subfield code='c'>1</subfield>
        <subfield code='o'>0</subfield>
        <subfield code='p'>099</subfield>
        <subfield code='q'>|aCp971|aN87i|aBLAD</subfield>
        <subfield code='v'>1981</subfield>
      </datafield>
      <datafield ind1='9' ind2='1' tag='999'>
        <subfield code='i'>i6978618</subfield>
        <subfield code='l'>wbda</subfield>
        <subfield code='s'>o</subfield>
        <subfield code='t'>2</subfield>
        <subfield code='c'>2</subfield>
        <subfield code='o'>0</subfield>
        <subfield code='p'>099</subfield>
        <subfield code='q'>|aCp971|aN87i|aBLAD</subfield>
        <subfield code='v'>1981</subfield>
      </datafield>
      <datafield ind1='9' ind2='1' tag='999'>
        <subfield code='i'>i6978619</subfield>
        <subfield code='l'>wbda</subfield>
        <subfield code='s'>o</subfield>
        <subfield code='t'>2</subfield>
        <subfield code='c'>1</subfield>
        <subfield code='o'>0</subfield>
        <subfield code='p'>099</subfield>
        <subfield code='q'>|aCp971|aN87i|aBLAD</subfield>
        <subfield code='v'>1982</subfield>
      </datafield>
      <datafield ind1='9' ind2='1' tag='999'>
        <subfield code='i'>i6978620</subfield>
        <subfield code='l'>wbda</subfield>
        <subfield code='s'>o</subfield>
        <subfield code='t'>2</subfield>
        <subfield code='c'>2</subfield>
        <subfield code='o'>0</subfield>
        <subfield code='p'>099</subfield>
        <subfield code='q'>|aCp971|aN87i|aBLAD</subfield>
        <subfield code='v'>1982</subfield>
      </datafield>
      <datafield ind1='9' ind2='2' tag='999'>
        <subfield code='a'>c4686863</subfield>
        <subfield code='b'>wbda</subfield>
        <subfield code='c'>0</subfield>
      </datafield>
      <datafield ind1='9' ind2='3' tag='999'>
        <subfield code='0'>c4686863</subfield>
        <subfield code='2'>852</subfield>
        <subfield code='3'>c</subfield>
        <subfield code='h'>Cp971</subfield>
        <subfield code='i'>N87i</subfield>
        <subfield code='i'>BLAD</subfield>
      </datafield>
      <datafield ind1='9' ind2='3' tag='999'>
        <subfield code='0'>c4686863</subfield>
        <subfield code='2'>853</subfield>
        <subfield code='3'>y</subfield>
        <subfield code='8'>1</subfield>
        <subfield code='a'>(year)</subfield>
        <subfield code='t'>c.</subfield>
      </datafield>
      <datafield ind1='9' ind2='3' tag='999'>
        <subfield code='0'>c4686863</subfield>
        <subfield code='2'>866</subfield>
        <subfield code='3'>h</subfield>
        <subfield code='8'>0</subfield>
        <subfield code='a'>1980-1982</subfield>
      </datafield>
  </record>