
  <record>
    <leader>00000cam a2200265I  4500</leader>
      <controlfield tag='008'>910731d1973    gw a          000 0 ger  </controlfield>
      <controlfield tag='001'>999265</controlfield>
      <controlfield tag='005'>19910731000000.0</controlfield>
      <datafield ind1=' ' ind2=' ' tag='010'>
        <subfield code='a'>74313906</subfield>
      </datafield>
      <datafield ind1=' ' ind2=' ' tag='040'>
        <subfield code='a'>DLC</subfield>
        <subfield code='c'>COO</subfield>
        <subfield code='d'>m.c.</subfield>
        <subfield code='d'>WYU</subfield>
      </datafield>
      <datafield ind1='0' ind2=' ' tag='050'>
        <subfield code='a'>PT72</subfield>
        <subfield code='b'>.K8</subfield>
      </datafield>
      <datafield ind1='1' ind2=' ' tag='100'>
        <subfield code='a'>Küsel, Herbert.</subfield>
      </datafield>
      <datafield ind1='1' ind2='0' tag='245'>
        <subfield code='a'>Zeitungs-Artikel /</subfield>
        <subfield code='c'>Herbert Küsel. [Mit e. Einl. von Dolf Sternberger].</subfield>
      </datafield>
      <datafield ind1=' ' ind2=' ' tag='260'>
        <subfield code='a'>Heidelberg :</subfield>
        <subfield code='b'>Schneider,</subfield>
        <subfield code='c'>1973.</subfield>
      </datafield>
      <datafield ind1=' ' ind2=' ' tag='300'>
        <subfield code='a'>395 p. :</subfield>
        <subfield code='b'>2 ill. ;</subfield>
        <subfield code='c'>24 cm.</subfield>
      </datafield>
      <datafield ind1=' ' ind2='0' tag='650'>
        <subfield code='a'>German literature.</subfield>
      </datafield>
      <datafield ind1=' ' ind2='0' tag='651'>
        <subfield code='a'>Germany</subfield>
        <subfield code='x'>History</subfield>
        <subfield code='y'>1933-1945.</subfield>
      </datafield>
      <datafield ind1=' ' ind2='0' tag='830'>
        <subfield code='a'>Veröffentlichungen der Deutschen Akademie für Sprache und Dichtung Darmstadt ;</subfield>
        <subfield code='v'>48. Veröffentlichung.</subfield>
      </datafield>
      <datafield ind1=' ' ind2=' ' tag='907'>
        <subfield code='a'>b1219778</subfield>
      </datafield>
      <datafield ind1='9' ind2='1' tag='999'>
        <subfield code='i'>i1385041</subfield>
        <subfield code='l'>trln</subfield>
        <subfield code='s'>-</subfield>
        <subfield code='t'>0</subfield>
        <subfield code='c'>1</subfield>
        <subfield code='o'>0</subfield>
        <subfield code='b'>00023642970</subfield>
        <subfield code='p'>090</subfield>
        <subfield code='q'>|aPT72|b.K8</subfield>
      </datafield>
  </record>