
  <record>
    <leader>00000nam  22002651a 4500</leader>
      <controlfield tag='006'>m        d</controlfield>
      <controlfield tag='008'>020621r19921827xxk                 eng d</controlfield>
      <controlfield tag='007'>cr||||||||||||</controlfield>
      <controlfield tag='001'>LIONZ000315458</controlfield>
      <controlfield tag='003'>Uk-CbPIL</controlfield>
      <controlfield tag='005'>20070524113648.0</controlfield>
      <datafield ind1=' ' ind2=' ' tag='040'>
        <subfield code='a'>UK-CbPIL</subfield>
        <subfield code='c'>UK-CbPIL</subfield>
      </datafield>
      <datafield ind1='1' ind2=' ' tag='100'>
        <subfield code='a'>Cobbold, Richard,</subfield>
        <subfield code='d'>1797-1877.</subfield>
      </datafield>
      <datafield ind1='1' ind2='0' tag='245'>
        <subfield code='a'>Original, serious and religious poetry</subfield>
        <subfield code='h'>[electronic resource].</subfield>
      </datafield>
      <datafield ind1=' ' ind2=' ' tag='256'>
        <subfield code='a'>Electronic data.</subfield>
      </datafield>
      <datafield ind1=' ' ind2=' ' tag='260'>
        <subfield code='a'>Cambridge :</subfield>
        <subfield code='b'>Chadwyck-Healey,</subfield>
        <subfield code='c'>1992.</subfield>
      </datafield>
      <datafield ind1=' ' ind2=' ' tag='500'>
        <subfield code='a'>Preliminaries and introductory matter omitted.</subfield>
      </datafield>
      <datafield ind1='1' ind2=' ' tag='506'>
        <subfield code='a'>Access limited to UNC Chapel Hill-authenticated users.</subfield>
        <subfield code='f'>Unlimited simultaneous users</subfield>
      </datafield>
      <datafield ind1=' ' ind2=' ' tag='534'>
        <subfield code='p'>Transcribed from:</subfield>
        <subfield code='a'>Cobbold, Richard, 1797-1877.</subfield>
        <subfield code='t'>Original, serious, and religious poetry</subfield>
        <subfield code='c'>Ipswich : R. Deck, 1827.</subfield>
        <subfield code='e'>viii, 224 p.</subfield>
      </datafield>
      <datafield ind1=' ' ind2=' ' tag='538'>
        <subfield code='a'>Mode of access: World Wide Web.</subfield>
      </datafield>
      <datafield ind1='0' ind2=' ' tag='773'>
        <subfield code='t'>Literature online (online collection). Texts. Poetry. English poetry</subfield>
      </datafield>
      <datafield ind1='4' ind2='0' tag='856'>
        <subfield code='s'>195Kb</subfield>
        <subfield code='u'>http://libproxy.lib.unc.edu/login?url=http://gateway.proquest.com/openurl?ctx_ver=Z39.88-2003&amp;xri:pqil:res_ver=0.2&amp;res_id=xri:lion-us&amp;rft_id=xri:lion:po:Z000315458</subfield>
        <subfield code='y'>Full text available via the UNC-Chapel Hill Libraries</subfield>
        <subfield code='x'>LION electronic book</subfield>
      </datafield>
      <datafield ind1=' ' ind2=' ' tag='907'>
        <subfield code='a'>b5229897</subfield>
      </datafield>
  </record>