
  <record>
    <leader>00000cam  22003378a 4500</leader>
      <controlfield tag='008'>881117s1988    nyua     b    001 0 eng  </controlfield>
      <controlfield tag='001'>17918783</controlfield>
      <controlfield tag='005'>19881117000000.0</controlfield>
      <datafield ind1=' ' ind2=' ' tag='010'>
        <subfield code='a'>88014791</subfield>
      </datafield>
      <datafield ind1=' ' ind2=' ' tag='020'>
        <subfield code='a'>0202011763 (pbk.)</subfield>
      </datafield>
      <datafield ind1=' ' ind2=' ' tag='040'>
        <subfield code='a'>DLC</subfield>
        <subfield code='c'>DLC</subfield>
        <subfield code='d'>NOC</subfield>
      </datafield>
      <datafield ind1=' ' ind2=' ' tag='043'>
        <subfield code='a'>f-tz---</subfield>
      </datafield>
      <datafield ind1='0' ind2=' ' tag='082'>
        <subfield code='a'>967.8</subfield>
        <subfield code='2'>19</subfield>
      </datafield>
      <datafield ind1='1' ind2=' ' tag='100'>
        <subfield code='a'>Potts, Richard,</subfield>
        <subfield code='d'>1953-</subfield>
      </datafield>
      <datafield ind1='1' ind2='0' tag='245'>
        <subfield code='a'>Early hominid activities at Olduvai /</subfield>
        <subfield code='c'>Richard Potts.</subfield>
      </datafield>
      <datafield ind1=' ' ind2=' ' tag='260'>
        <subfield code='a'>New York :</subfield>
        <subfield code='b'>A. de Gruyter,</subfield>
        <subfield code='c'>c1988.</subfield>
      </datafield>
      <datafield ind1=' ' ind2=' ' tag='300'>
        <subfield code='a'>xi, 396 p. :</subfield>
        <subfield code='b'>ill. ;</subfield>
        <subfield code='c'>24 cm.</subfield>
      </datafield>
      <datafield ind1=' ' ind2=' ' tag='500'>
        <subfield code='a'>Includes index.</subfield>
      </datafield>
      <datafield ind1=' ' ind2=' ' tag='504'>
        <subfield code='a'>Bibliography: p. 313-332.</subfield>
      </datafield>
      <datafield ind1=' ' ind2='0' tag='650'>
        <subfield code='a'>Paleolithic period, Lower</subfield>
        <subfield code='z'>Tanzania</subfield>
        <subfield code='z'>Olduvai Gorge.</subfield>
      </datafield>
      <datafield ind1=' ' ind2='0' tag='650'>
        <subfield code='a'>Animal remains (Archaeology)</subfield>
        <subfield code='z'>Tanzania</subfield>
        <subfield code='z'>Olduvai Gorge.</subfield>
      </datafield>
      <datafield ind1=' ' ind2='0' tag='651'>
        <subfield code='a'>Olduvai Gorge (Tanzania)</subfield>
        <subfield code='x'>Antiquities.</subfield>
      </datafield>
      <datafield ind1=' ' ind2='0' tag='651'>
        <subfield code='a'>Tanzania</subfield>
        <subfield code='x'>Antiquities.</subfield>
      </datafield>
      <datafield ind1=' ' ind2='0' tag='830'>
        <subfield code='a'>Foundations of human behavior.</subfield>
      </datafield>
      <datafield ind1=' ' ind2=' ' tag='907'>
        <subfield code='a'>b4500681</subfield>
      </datafield>
      <datafield ind1='9' ind2='1' tag='999'>
        <subfield code='i'>i3238382</subfield>
        <subfield code='l'>trln</subfield>
        <subfield code='s'>-</subfield>
        <subfield code='t'>0</subfield>
        <subfield code='c'>2</subfield>
        <subfield code='o'>1</subfield>
        <subfield code='b'>00024261843</subfield>
        <subfield code='p'>090</subfield>
        <subfield code='q'>|aGN772.42.T34 P67 1988</subfield>
      </datafield>
  </record>