
  <record>
    <leader>00000cam a2200625Ma 4500</leader>
      <controlfield tag='006'>m     o  d</controlfield>
      <controlfield tag='007'>cr cn||||||||a</controlfield>
      <controlfield tag='008'>840227s1984    riua    ob    100 0 eng d</controlfield>
      <controlfield tag='001'>774694022wcmAMS</controlfield>
      <controlfield tag='003'>OCoLC</controlfield>
      <controlfield tag='005'>20170203055808.4</controlfield>
      <datafield ind1=' ' ind2=' ' tag='020'>
        <subfield code='a'>0821853821</subfield>
        <subfield code='q'>google</subfield>
      </datafield>
      <datafield ind1=' ' ind2=' ' tag='020'>
        <subfield code='a'>0821876139</subfield>
        <subfield code='q'>online</subfield>
      </datafield>
      <datafield ind1=' ' ind2=' ' tag='020'>
        <subfield code='a'>9780821853825</subfield>
        <subfield code='q'>google</subfield>
      </datafield>
      <datafield ind1=' ' ind2=' ' tag='020'>
        <subfield code='a'>9780821876138</subfield>
        <subfield code='q'>online</subfield>
      </datafield>
      <datafield ind1=' ' ind2=' ' tag='020'>
        <subfield code='z'>0821850288</subfield>
        <subfield code='q'>pbk.</subfield>
      </datafield>
      <datafield ind1=' ' ind2=' ' tag='020'>
        <subfield code='z'>9780821850282</subfield>
        <subfield code='q'>pbk.</subfield>
      </datafield>
      <datafield ind1=' ' ind2=' ' tag='035'>
        <subfield code='a'>(OCoLC)774694022</subfield>
      </datafield>
      <datafield ind1=' ' ind2=' ' tag='040'>
        <subfield code='a'>COO</subfield>
        <subfield code='b'>eng</subfield>
        <subfield code='c'>COO</subfield>
        <subfield code='d'>OTZ</subfield>
        <subfield code='d'>OCLCF</subfield>
        <subfield code='d'>YDXCP</subfield>
        <subfield code='d'>OCLCO</subfield>
        <subfield code='d'>UIU</subfield>
        <subfield code='d'>OCL</subfield>
        <subfield code='d'>OCLCO</subfield>
        <subfield code='d'>OCLCQ</subfield>
        <subfield code='d'>OCLCO</subfield>
        <subfield code='d'>OCLCQ</subfield>
      </datafield>
      <datafield ind1=' ' ind2='4' tag='050'>
        <subfield code='a'>QA911</subfield>
        <subfield code='b'>.A57 1983</subfield>
      </datafield>
      <datafield ind1='0' ind2='4' tag='082'>
        <subfield code='a'>532/.05</subfield>
        <subfield code='2'>19</subfield>
      </datafield>
      <datafield ind1='2' ind2=' ' tag='111'>
        <subfield code='a'>AMS-IMS-SIAM Joint Summer Research Conference in the Mathematical Sciences on Fluids and Plasmas, Geometry and Dynamics</subfield>
        <subfield code='d'>(1983 :</subfield>
        <subfield code='c'>University of Colorado, Boulder)</subfield>
      </datafield>
      <datafield ind1='1' ind2='0' tag='245'>
        <subfield code='a'>Fluids and plasmas :</subfield>
        <subfield code='b'>geometry and dynamics /</subfield>
        <subfield code='c'>Jerrold E. Marsden, editor.</subfield>
      </datafield>
      <datafield ind1=' ' ind2=' ' tag='260'>
        <subfield code='a'>Providence, R.I. :</subfield>
        <subfield code='b'>American Mathematical Society,</subfield>
        <subfield code='c'>©1984.</subfield>
      </datafield>
      <datafield ind1=' ' ind2=' ' tag='300'>
        <subfield code='a'>1 online resource (xvi, 448 pages) :</subfield>
        <subfield code='b'>illustrations</subfield>
      </datafield>
      <datafield ind1=' ' ind2=' ' tag='336'>
        <subfield code='a'>text</subfield>
        <subfield code='b'>txt</subfield>
        <subfield code='2'>rdacontent</subfield>
      </datafield>
      <datafield ind1=' ' ind2=' ' tag='337'>
        <subfield code='a'>computer</subfield>
        <subfield code='b'>c</subfield>
        <subfield code='2'>rdamedia</subfield>
      </datafield>
      <datafield ind1=' ' ind2=' ' tag='338'>
        <subfield code='a'>online resource</subfield>
        <subfield code='b'>cr</subfield>
        <subfield code='2'>rdacarrier</subfield>
      </datafield>
      <datafield ind1=' ' ind2=' ' tag='500'>
        <subfield code='a'>&quot;Proceedings of the AMS-IMS-SIAM Joint Summer Research Conference in the Mathematical Sciences on Fluids and Plasmas, Geometry and Dynamics held at the University of Colorado, Boulder, July 17-23, 1983&quot;--Title page verso.</subfield>
      </datafield>
      <datafield ind1=' ' ind2=' ' tag='504'>
        <subfield code='a'>Includes bibliographical references.</subfield>
      </datafield>
      <datafield ind1='0' ind2=' ' tag='505'>
        <subfield code='a'>Stability of Poisson-Hamilton equilibria / Alan Weinstein -- Stability of rigid body motion using the energy-Casimir method / Darryl Holm, Jerrold Marsden, Tudor Ratiu and Alan Weinstein -- Stability of planar multifluid plasma equilibria by Arnold&apos;s method / Darryl D. Holm -- Canonical derivation of the Vlasov-Coulomb noncanonical Poisson structure / Allan N. Kaufman and Robert L. Dewar -- Reduction and Hamiltonian structures on duals of semidirect product Lie algebras / Jerrold E. Marsden, Tudor Ratiu and Alan Weinstein -- Gauged Lie-Poisson structures / Richard Montgomery, Jerrold Marsden and Tudor Ratiu -- The Hamiltonian structure of the BBGKY hierarchy equations / Jerrold E. Marsden, Philip J. Morrison and Alan Weinstein -- Particle and bracket formulations of kinetic equations / Miroslav Grmela -- Noncanonical Hamiltonian field theory and reduced MHD / Jerrold E. Marsden and Philip J. Morrison -- Geometry and guiding center motion / Robert G. Littlejohn -- Lie-transform derivation of the gyrokinetic Hamiltonian system / Allan N. Kaufman and Bruce M. Boghosian -- Poisson structures for relativistic systems (relativistic superfluids) / Meinhard E. Mayer -- Diffeomorphism groups, semidirect products, and quantum theory / Gerald A. Goldin -- Contour dynamics for two-dimensional flows / Norman J. Zabusky -- On the nonlinear stability of circular vortex patches / Yieh Hei Wan -- Vortex methods for fluid flow in two or three dimensions / J. Thomas Beale and Andrew Majda -- Hamiltonian perturbation theory and water waves / Peter Olver -- Results on existence and uniqueness of solutions to the Vlasov equation / Stephen Wollman -- Remarks on collisionless plasmas / Robert T. Glassey and Walter A. Strauss -- Toward a new kinetic theory for resonant triads / Harvey Segur -- A spectral method for external viscous flows / Philippe R. Spalart -- Forecasting the ocean&apos;s weather: numerical models for application to oceanographic data / Robert N. Miller -- Geometry and dynamics in experiments on chaotic systems / Harry L. Swinney -- Dimension estimates for attractors / John Guckenheimer -- Solitary waves as fixed points of infinite-dimensional maps in an optical bistable ring cavity / D. W. McLaughlin, J. V. Moloney and A. C. Newell -- Hopf bifurcation and the beam-plasma instability / John David Crawford -- Some remarks on chaotic particle paths in time-periodic, three-dimensional swirling flows / Philip Holmes -- A universal transition from quasiperiodicity to chaos / Eric D. Siggia -- On the nonpathological behavior of Newton&apos;s method / James H. Curry and C. Eugene Wayne -- Successive bifurcations in the interaction of steady state and Hopf bifurcations / Jürgen Scheurle -- Convection in a rotating fluid layer / James W. Swift --</subfield>
      </datafield>
      <datafield ind1='1' ind2=' ' tag='506'>
        <subfield code='a'>Access limited to UNC Chapel Hill-authenticated users.</subfield>
        <subfield code='f'>Unlimited simultaneous users</subfield>
      </datafield>
      <datafield ind1=' ' ind2='0' tag='650'>
        <subfield code='a'>Differentiable dynamical systems</subfield>
        <subfield code='v'>Congresses.</subfield>
      </datafield>
      <datafield ind1=' ' ind2='0' tag='650'>
        <subfield code='a'>Fluid dynamics</subfield>
        <subfield code='v'>Congresses.</subfield>
      </datafield>
      <datafield ind1=' ' ind2='0' tag='650'>
        <subfield code='a'>Geometry, Differential</subfield>
        <subfield code='v'>Congresses.</subfield>
      </datafield>
      <datafield ind1=' ' ind2='0' tag='650'>
        <subfield code='a'>Plasma dynamics</subfield>
        <subfield code='v'>Congresses.</subfield>
      </datafield>
      <datafield ind1=' ' ind2='7' tag='650'>
        <subfield code='a'>Differentiable dynamical systems.</subfield>
        <subfield code='2'>fast</subfield>
        <subfield code='0'>(OCoLC)fst00893426</subfield>
      </datafield>
      <datafield ind1=' ' ind2='7' tag='650'>
        <subfield code='a'>Fluid dynamics.</subfield>
        <subfield code='2'>fast</subfield>
        <subfield code='0'>(OCoLC)fst00927973</subfield>
      </datafield>
      <datafield ind1=' ' ind2='7' tag='650'>
        <subfield code='a'>Geometry, Differential.</subfield>
        <subfield code='2'>fast</subfield>
        <subfield code='0'>(OCoLC)fst00940919</subfield>
      </datafield>
      <datafield ind1=' ' ind2='7' tag='650'>
        <subfield code='a'>Plasma dynamics.</subfield>
        <subfield code='2'>fast</subfield>
        <subfield code='0'>(OCoLC)fst01066317</subfield>
      </datafield>
      <datafield ind1=' ' ind2='7' tag='655'>
        <subfield code='a'>Conference papers and proceedings.</subfield>
        <subfield code='2'>fast</subfield>
        <subfield code='0'>(OCoLC)fst01423772</subfield>
      </datafield>
      <datafield ind1='1' ind2=' ' tag='700'>
        <subfield code='a'>Marsden, Jerrold E.</subfield>
      </datafield>
      <datafield ind1='2' ind2=' ' tag='710'>
        <subfield code='a'>Institute of Mathematical Statistics.</subfield>
      </datafield>
      <datafield ind1='2' ind2=' ' tag='710'>
        <subfield code='a'>Society for Industrial and Applied Mathematics.</subfield>
      </datafield>
      <datafield ind1='2' ind2=' ' tag='711'>
        <subfield code='a'>AMS-SIAM-IMS Summer Research Conference</subfield>
        <subfield code='d'>(1983 :</subfield>
        <subfield code='c'>Boulder, Colo.)</subfield>
      </datafield>
      <datafield ind1='0' ind2=' ' tag='773'>
        <subfield code='t'>American Mathematical Society ebooks (online collection). Contemporary mathematics. 1980-2011</subfield>
      </datafield>
      <datafield ind1='0' ind2=' ' tag='773'>
        <subfield code='t'>OCLC WorldShare Collection Manager managed collection. AMS</subfield>
      </datafield>
      <datafield ind1=' ' ind2='0' tag='830'>
        <subfield code='a'>Contemporary mathematics (American Mathematical Society) ;</subfield>
        <subfield code='v'>v. 28.</subfield>
      </datafield>
      <datafield ind1='4' ind2='0' tag='856'>
        <subfield code='u'>http://libproxy.lib.unc.edu/login?url=http://www.ams.org/books/conm/028/</subfield>
        <subfield code='y'>Full text available via the UNC-Chapel Hill Libraries</subfield>
      </datafield>
      <datafield ind1=' ' ind2='1' tag='907'>
        <subfield code='a'>b8735075</subfield>
      </datafield>
  </record>