
  <record>
    <leader>00000cam  2200289M  4500</leader>
      <controlfield tag='008'>811103s1981    nyu           000 0 eng d</controlfield>
      <controlfield tag='001'>171351780</controlfield>
      <controlfield tag='003'>OCoLC</controlfield>
      <datafield ind1='8' ind2=' ' tag='024'>
        <subfield code='a'>4532M</subfield>
      </datafield>
      <datafield ind1=' ' ind2=' ' tag='040'>
        <subfield code='a'>OClMA</subfield>
        <subfield code='c'>HFL</subfield>
      </datafield>
      <datafield ind1=' ' ind2=' ' tag='042'>
        <subfield code='a'>scipio</subfield>
      </datafield>
      <datafield ind1='2' ind2=' ' tag='110'>
        <subfield code='a'>Sotheby&apos;s (Firm)</subfield>
      </datafield>
      <datafield ind1='0' ind2='0' tag='245'>
        <subfield code='a'>Americana: paintings, drawings, watercolors, sculpture and prints.</subfield>
      </datafield>
      <datafield ind1=' ' ind2=' ' tag='300'>
        <subfield code='a'>ill.</subfield>
      </datafield>
      <datafield ind1=' ' ind2=' ' tag='500'>
        <subfield code='a'>Sale code: 4532M</subfield>
      </datafield>
      <datafield ind1=' ' ind2=' ' tag='500'>
        <subfield code='a'>Place of sale: New York</subfield>
      </datafield>
      <datafield ind1=' ' ind2=' ' tag='500'>
        <subfield code='a'>Price list tipped in.</subfield>
      </datafield>
      <datafield ind1=' ' ind2=' ' tag='653'>
        <subfield code='a'>Sotheby Parke Bernet</subfield>
      </datafield>
      <datafield ind1=' ' ind2=' ' tag='653'>
        <subfield code='a'>Estate of Ethel Ratnoff Mayorga Rivas</subfield>
      </datafield>
      <datafield ind1=' ' ind2=' ' tag='653'>
        <subfield code='a'>Estate of Nelson A. Rockefeller</subfield>
      </datafield>
      <datafield ind1=' ' ind2=' ' tag='653'>
        <subfield code='a'>Henry Francis du Pont, Winterthur Museum, Winterthur, Delaware</subfield>
      </datafield>
      <datafield ind1=' ' ind2='7' tag='655'>
        <subfield code='a'>Auction catalogs.</subfield>
        <subfield code='2'>rbgenr</subfield>
      </datafield>
      <datafield ind1=' ' ind2='7' tag='655'>
        <subfield code='a'>Price list.</subfield>
        <subfield code='2'>aat</subfield>
      </datafield>
      <datafield ind1=' ' ind2=' ' tag='907'>
        <subfield code='a'>b7155944</subfield>
      </datafield>
      <datafield ind1='9' ind2='1' tag='999'>
        <subfield code='i'>i9639428</subfield>
        <subfield code='l'>traas</subfield>
        <subfield code='s'>o</subfield>
        <subfield code='t'>79</subfield>
        <subfield code='c'>1</subfield>
        <subfield code='o'>0</subfield>
        <subfield code='b'>00043842431</subfield>
        <subfield code='p'>099</subfield>
        <subfield code='q'>|aSotheby&apos;s 1981.01.29</subfield>
        <subfield code='n'>Please contact the Sloane Art Library for assistance.  Phone:  (919) 962-2397.  Email address: artlib_recall@listserv.unc.edu.</subfield>
      </datafield>
  </record>