
  <record>
    <leader>00000cam a2200361Ia 4500</leader>
      <controlfield tag='008'>910429s1941    meuc     b    001 0 eng  </controlfield>
      <controlfield tag='001'>2195227</controlfield>
      <controlfield tag='005'>19910429000000.0</controlfield>
      <datafield ind1=' ' ind2=' ' tag='010'>
        <subfield code='a'>41052538</subfield>
      </datafield>
      <datafield ind1=' ' ind2=' ' tag='040'>
        <subfield code='a'>DLC</subfield>
        <subfield code='c'>AKR</subfield>
        <subfield code='d'>m.c.</subfield>
        <subfield code='d'>SER</subfield>
        <subfield code='d'>MHS</subfield>
      </datafield>
      <datafield ind1=' ' ind2=' ' tag='043'>
        <subfield code='a'>n-us-ma</subfield>
      </datafield>
      <datafield ind1='0' ind2=' ' tag='050'>
        <subfield code='a'>PS2155.Z5</subfield>
        <subfield code='b'>B7</subfield>
      </datafield>
      <datafield ind1=' ' ind2=' ' tag='082'>
        <subfield code='a'>813.34</subfield>
      </datafield>
      <datafield ind1='1' ind2=' ' tag='100'>
        <subfield code='a'>Brockway, Philip Judd,</subfield>
        <subfield code='d'>1908-</subfield>
      </datafield>
      <datafield ind1='1' ind2='0' tag='245'>
        <subfield code='a'>Sylvester Judd (1813-1853) :</subfield>
        <subfield code='b'>novelist of transcendentalism /</subfield>
        <subfield code='c'>by Philip Judd Brockway.</subfield>
      </datafield>
      <datafield ind1=' ' ind2=' ' tag='260'>
        <subfield code='a'>Orono, Me. :</subfield>
        <subfield code='b'>Printed at the University Press,</subfield>
        <subfield code='c'>1941.</subfield>
      </datafield>
      <datafield ind1=' ' ind2=' ' tag='300'>
        <subfield code='a'>xiii, 121 p., [1] leaf of plates :</subfield>
        <subfield code='b'>port. ;</subfield>
        <subfield code='c'>23 cm.</subfield>
      </datafield>
      <datafield ind1=' ' ind2=' ' tag='504'>
        <subfield code='a'>Includes bibliographical references (p. [115]-116).</subfield>
      </datafield>
      <datafield ind1='1' ind2='0' tag='600'>
        <subfield code='a'>Judd, Sylvester,</subfield>
        <subfield code='d'>1813-1853.</subfield>
      </datafield>
      <datafield ind1='1' ind2='0' tag='600'>
        <subfield code='a'>Judd, Sylvester,</subfield>
        <subfield code='d'>1813-1853</subfield>
        <subfield code='x'>Criticism and interpretation.</subfield>
      </datafield>
      <datafield ind1=' ' ind2='0' tag='650'>
        <subfield code='a'>Transcendentalists (New England)</subfield>
      </datafield>
      <datafield ind1=' ' ind2='0' tag='830'>
        <subfield code='a'>Maine bulletin ;</subfield>
        <subfield code='v'>v. 43, no. 12.</subfield>
      </datafield>
      <datafield ind1=' ' ind2='0' tag='830'>
        <subfield code='a'>University of Maine studies.</subfield>
        <subfield code='n'>Second series ;</subfield>
        <subfield code='v'>no. 53.</subfield>
      </datafield>
      <datafield ind1=' ' ind2='0' tag='830'>
        <subfield code='a'>Studies in English and American literature ;</subfield>
        <subfield code='v'>18.</subfield>
      </datafield>
      <datafield ind1=' ' ind2=' ' tag='907'>
        <subfield code='a'>b1375567</subfield>
      </datafield>
      <datafield ind1='9' ind2='1' tag='999'>
        <subfield code='i'>i1879433</subfield>
        <subfield code='l'>ddda</subfield>
        <subfield code='s'>-</subfield>
        <subfield code='t'>0</subfield>
        <subfield code='c'>1</subfield>
        <subfield code='o'>5</subfield>
        <subfield code='b'>00008726907</subfield>
        <subfield code='p'>090</subfield>
        <subfield code='q'>|aPS2155.Z5 B7</subfield>
      </datafield>
  </record>