
  <record>
    <leader>00000nam a22004817i 4500</leader>
      <controlfield tag='006'>m    go  d</controlfield>
      <controlfield tag='007'>cr cn||||||||a</controlfield>
      <controlfield tag='008'>130927s2009    jo     gob          ara d</controlfield>
      <controlfield tag='001'>MANHALMLB0000558</controlfield>
      <controlfield tag='003'>CaPaEBR</controlfield>
      <controlfield tag='005'>20131223121917.7</controlfield>
      <datafield ind1=' ' ind2=' ' tag='037'>
        <subfield code='a'>752</subfield>
        <subfield code='b'>Al Manhal FZLLC</subfield>
      </datafield>
      <datafield ind1=' ' ind2=' ' tag='037'>
        <subfield code='a'>MLB0000558</subfield>
        <subfield code='b'>Al Manhal FZLLC MLB</subfield>
      </datafield>
      <datafield ind1=' ' ind2=' ' tag='040'>
        <subfield code='a'>AE-DuAMF</subfield>
        <subfield code='b'>eng</subfield>
        <subfield code='e'>rda</subfield>
        <subfield code='c'>AE-DuAMF</subfield>
      </datafield>
      <datafield ind1=' ' ind2='4' tag='050'>
        <subfield code='a'>PJ6106</subfield>
        <subfield code='b'>.S29 2011</subfield>
      </datafield>
      <datafield ind1='0' ind2='4' tag='082'>
        <subfield code='a'>415</subfield>
        <subfield code='2'>22 Arabic</subfield>
      </datafield>
      <datafield ind1='1' ind2=' ' tag='100'>
        <subfield code='6'>880-01</subfield>
        <subfield code='a'>al-Sawād, Riyāḍ,</subfield>
        <subfield code='e'>author.</subfield>
      </datafield>
      <datafield ind1='1' ind2='3' tag='245'>
        <subfield code='6'>880-02</subfield>
        <subfield code='a'>al-Ḥadd al-naḥwī wa-taṭbīqātuh ḥattà nihāyat al-qarn al-ʻāshir al-hijrī /</subfield>
        <subfield code='c'>Riyāḍ al-Sawād.</subfield>
      </datafield>
      <datafield ind1=' ' ind2=' ' tag='250'>
        <subfield code='6'>880-03</subfield>
        <subfield code='a'>al-Ṭabʻah al-ūlá.</subfield>
      </datafield>
      <datafield ind1=' ' ind2='1' tag='264'>
        <subfield code='6'>880-04</subfield>
        <subfield code='a'>ʻAmmān :</subfield>
        <subfield code='b'>Dār al-Rāyah lil-Nashr wa-al-Tawzīʻ,</subfield>
        <subfield code='c'>2009.</subfield>
      </datafield>
      <datafield ind1=' ' ind2=' ' tag='300'>
        <subfield code='a'>1 online resource (334 pages)</subfield>
      </datafield>
      <datafield ind1=' ' ind2=' ' tag='336'>
        <subfield code='2'>rdacontent</subfield>
        <subfield code='a'>text</subfield>
      </datafield>
      <datafield ind1=' ' ind2=' ' tag='337'>
        <subfield code='2'>rdamedia</subfield>
        <subfield code='a'>computer</subfield>
      </datafield>
      <datafield ind1=' ' ind2=' ' tag='338'>
        <subfield code='2'>rdacarrier</subfield>
        <subfield code='a'>online resource</subfield>
      </datafield>
      <datafield ind1=' ' ind2=' ' tag='504'>
        <subfield code='a'>Includes bibliographical references (pages 325-334).</subfield>
      </datafield>
      <datafield ind1='1' ind2=' ' tag='506'>
        <subfield code='a'>Access limited to UNC Chapel Hill-authenticated users.</subfield>
        <subfield code='f'>Unlimited simultaneous users</subfield>
      </datafield>
      <datafield ind1=' ' ind2='0' tag='650'>
        <subfield code='a'>Arabic language</subfield>
        <subfield code='x'>Grammar.</subfield>
      </datafield>
      <datafield ind1='0' ind2=' ' tag='773'>
        <subfield code='t'>Al manhal (online collection)</subfield>
      </datafield>
      <datafield ind1='0' ind2=' ' tag='776'>
        <subfield code='6'>880-05</subfield>
        <subfield code='i'>Print version.</subfield>
        <subfield code='t'>Ḥadd al-naḥwī wa-taṭbīqātuh ḥattà nihāyat al-qarn al-ʻāshir al-hijrī</subfield>
        <subfield code='h'>334 pages ; 24 cm</subfield>
      </datafield>
      <datafield ind1='4' ind2='0' tag='856'>
        <subfield code='u'>http://libproxy.lib.unc.edu/login?url=http://platform.almanhal.com/MNHL/Preview/?ID=1-752</subfield>
        <subfield code='y'>Full text available via the UNC-Chapel Hill Libraries</subfield>
      </datafield>
      <datafield ind1='1' ind2=' ' tag='880'>
        <subfield code='6'>100-01/(3/r</subfield>
        <subfield code='a'>السواد، رياض،</subfield>
        <subfield code='e'>author.</subfield>
      </datafield>
      <datafield ind1='1' ind2='2' tag='880'>
        <subfield code='6'>245-02/(3/r</subfield>
        <subfield code='a'>الحد النحوي وتطبيقاته حتى نهاية القرن العاشر الهجري /</subfield>
        <subfield code='c'>رياض السواد.</subfield>
      </datafield>
      <datafield ind1=' ' ind2=' ' tag='880'>
        <subfield code='6'>250-03/(3/r</subfield>
        <subfield code='a'>الطبعة الأولى.</subfield>
      </datafield>
      <datafield ind1=' ' ind2='1' tag='880'>
        <subfield code='6'>264-04/(3/r</subfield>
        <subfield code='a'>عمان :</subfield>
        <subfield code='b'>دار الراية للنشر والتوزيع،</subfield>
        <subfield code='c'>2009.</subfield>
      </datafield>
      <datafield ind1='0' ind2=' ' tag='880'>
        <subfield code='6'>776-05/(3/r</subfield>
        <subfield code='i'>Print version.</subfield>
        <subfield code='t'>حد النحوي وتطبيقاته حتى نهاية القرن العاشر الهجري</subfield>
        <subfield code='h'>334 pages ; 24 cm</subfield>
      </datafield>
      <datafield ind1=' ' ind2='1' tag='907'>
        <subfield code='a'>b8860008</subfield>
      </datafield>
  </record>