
  <record>
    <leader>00000nam a2200397 ia4500</leader>
      <controlfield tag='006'>m    fo  d f</controlfield>
      <controlfield tag='007'>cr bn nnnauuuu</controlfield>
      <controlfield tag='008'>150121s1991    dcu     o    f000 0 eng d</controlfield>
      <controlfield tag='001'>ccn00515556</controlfield>
      <datafield ind1=' ' ind2=' ' tag='040'>
        <subfield code='e'>rda</subfield>
      </datafield>
      <datafield ind1=' ' ind2=' ' tag='043'>
        <subfield code='a'>n-us---</subfield>
      </datafield>
      <datafield ind1=' ' ind2='4' tag='050'>
        <subfield code='a'>KF27</subfield>
        <subfield code='b'>.B8439 1991a</subfield>
      </datafield>
      <datafield ind1=' ' ind2=' ' tag='074'>
        <subfield code='a'>1035-B-1</subfield>
      </datafield>
      <datafield ind1='0' ind2=' ' tag='086'>
        <subfield code='a'>Y 4.B 85/3:102-3-1</subfield>
      </datafield>
      <datafield ind1='1' ind2=' ' tag='110'>
        <subfield code='a'>United States.</subfield>
        <subfield code='b'>Congress.</subfield>
        <subfield code='b'>House.</subfield>
        <subfield code='b'>Committee on the Budget.</subfield>
        <subfield code='b'>Task Force on Defense, Foreign Policy, and Space,</subfield>
        <subfield code='e'>author.</subfield>
      </datafield>
      <datafield ind1='1' ind2='0' tag='245'>
        <subfield code='a'>Foreign aid funding and chemical weapons :</subfield>
        <subfield code='b'>hearing before the Task Force on Defense, Foreign Policy, and Space of the Committee on the Budget, House of Representatives, One Hundred Second Congress, first session, May 30, 1991.</subfield>
      </datafield>
      <datafield ind1=' ' ind2='1' tag='264'>
        <subfield code='a'>Washington :</subfield>
        <subfield code='b'>U.S. Government Printing Office,</subfield>
        <subfield code='c'>1991.</subfield>
      </datafield>
      <datafield ind1=' ' ind2='2' tag='264'>
        <subfield code='a'>Washington, DC :</subfield>
        <subfield code='b'>For sale by the Superintendent of Documents, Congressional Sales Office, U.S. Government Printing Office</subfield>
      </datafield>
      <datafield ind1='3' ind2='2' tag='264'>
        <subfield code='a'>[Getzville, NY] :</subfield>
        <subfield code='b'>William S. Hein &amp; Company,</subfield>
        <subfield code='c'>[2014]</subfield>
      </datafield>
      <datafield ind1=' ' ind2=' ' tag='300'>
        <subfield code='a'>1 online resource (iii, 47 pages).</subfield>
      </datafield>
      <datafield ind1=' ' ind2=' ' tag='336'>
        <subfield code='a'>text</subfield>
        <subfield code='2'>rdacontent</subfield>
      </datafield>
      <datafield ind1=' ' ind2=' ' tag='337'>
        <subfield code='a'>computer</subfield>
        <subfield code='2'>rdamedia</subfield>
      </datafield>
      <datafield ind1=' ' ind2=' ' tag='338'>
        <subfield code='a'>online resource</subfield>
        <subfield code='2'>rdacarrier</subfield>
      </datafield>
      <datafield ind1=' ' ind2=' ' tag='500'>
        <subfield code='a'>&quot;Serial no. 3-1.&quot;</subfield>
      </datafield>
      <datafield ind1=' ' ind2=' ' tag='588'>
        <subfield code='a'>Description based on PDF title page, viewed January 21, 2015.</subfield>
      </datafield>
      <datafield ind1='1' ind2='0' tag='650'>
        <subfield code='a'>Economic assistance, American.</subfield>
      </datafield>
      <datafield ind1=' ' ind2='0' tag='650'>
        <subfield code='a'>Chemical arms control.</subfield>
      </datafield>
      <datafield ind1=' ' ind2='7' tag='655'>
        <subfield code='a'>Legislative hearings.</subfield>
        <subfield code='2'>lcgft</subfield>
      </datafield>
      <datafield ind1='0' ind2='8' tag='776'>
        <subfield code='c'>Original</subfield>
        <subfield code='w'>(DLC)   91601355</subfield>
      </datafield>
      <datafield ind1=' ' ind2='0' tag='830'>
        <subfield code='a'>U.S. Congressional documents.</subfield>
        <subfield code='p'>Congressional hearings.</subfield>
      </datafield>
      <datafield ind1='4' ind2='0' tag='856'>
        <subfield code='3'>HeinOnline U.S. Congressional Documents Collection</subfield>
        <subfield code='u'>http://libproxy.lib.unc.edu/login?url=http://www.heinonline.org/HOL/Page?handle=hein.cbhear/fafcw0001&amp;id=1&amp;size=2&amp;collection=congrec&amp;index=cbhear</subfield>
        <subfield code='y'>Full text available via the UNC-Chapel Hill Libraries</subfield>
      </datafield>
      <datafield ind1=' ' ind2=' ' tag='907'>
        <subfield code='a'>b8174664</subfield>
      </datafield>
  </record>