
  <record>
    <leader>00000cam a2200253I  4500</leader>
      <controlfield tag='008'>780602s1961    po            000 1 por  </controlfield>
      <controlfield tag='001'>3946690</controlfield>
      <controlfield tag='005'>19950928181106.0</controlfield>
      <datafield ind1=' ' ind2=' ' tag='010'>
        <subfield code='a'>64028946</subfield>
      </datafield>
      <datafield ind1=' ' ind2=' ' tag='040'>
        <subfield code='a'>DLC</subfield>
        <subfield code='c'>RBN</subfield>
      </datafield>
      <datafield ind1='0' ind2=' ' tag='050'>
        <subfield code='a'>PQ9275.A62</subfield>
        <subfield code='b'>C4</subfield>
      </datafield>
      <datafield ind1='1' ind2=' ' tag='100'>
        <subfield code='a'>Margarido, Alfredo.</subfield>
      </datafield>
      <datafield ind1='1' ind2='2' tag='245'>
        <subfield code='a'>A centopeia;</subfield>
        <subfield code='b'>[narrativa.</subfield>
      </datafield>
      <datafield ind1=' ' ind2=' ' tag='260'>
        <subfield code='a'>Lisboa]</subfield>
        <subfield code='b'>Guimarães Editores</subfield>
        <subfield code='c'>[1961]</subfield>
      </datafield>
      <datafield ind1=' ' ind2=' ' tag='300'>
        <subfield code='a'>148 p.</subfield>
        <subfield code='c'>19 cm.</subfield>
      </datafield>
      <datafield ind1=' ' ind2='0' tag='830'>
        <subfield code='a'>Colecção Nova vaga.</subfield>
      </datafield>
      <datafield ind1=' ' ind2=' ' tag='907'>
        <subfield code='a'>b2755224</subfield>
      </datafield>
      <datafield ind1='9' ind2='1' tag='999'>
        <subfield code='i'>i3959697</subfield>
        <subfield code='l'>trln</subfield>
        <subfield code='s'>-</subfield>
        <subfield code='t'>0</subfield>
        <subfield code='c'>1</subfield>
        <subfield code='o'>0</subfield>
        <subfield code='b'>00029030192</subfield>
        <subfield code='p'>092</subfield>
        <subfield code='q'>|a869.3 M327c</subfield>
      </datafield>
  </record>