
  <record>
    <leader>00000cam a2200241I  4500</leader>
      <controlfield tag='008'>800123s1966    ru            000 0 rusr </controlfield>
      <controlfield tag='001'>5907518</controlfield>
      <controlfield tag='005'>19941003195214.0</controlfield>
      <datafield ind1=' ' ind2=' ' tag='010'>
        <subfield code='a'>66094640</subfield>
      </datafield>
      <datafield ind1=' ' ind2=' ' tag='040'>
        <subfield code='a'>DLC</subfield>
        <subfield code='c'>CSL</subfield>
        <subfield code='d'>OCL</subfield>
      </datafield>
      <datafield ind1='0' ind2=' ' tag='050'>
        <subfield code='a'>JN6598.K7</subfield>
        <subfield code='b'>V653</subfield>
      </datafield>
      <datafield ind1='0' ind2='0' tag='245'>
        <subfield code='a'>[Voprosy partiinoĭ ucheby (romanized form)]</subfield>
        <subfield code='b'>iz opyta organiza︠t︡sii politicheskogo prosveshcheni︠i︡a.</subfield>
        <subfield code='c'>[Sostaviteli : I. Zelenkov, F. Krotov]</subfield>
      </datafield>
      <datafield ind1=' ' ind2=' ' tag='260'>
        <subfield code='a'>Moskva,</subfield>
        <subfield code='b'>Izd-vo polit. lit-ry,</subfield>
        <subfield code='c'>1966.</subfield>
      </datafield>
      <datafield ind1=' ' ind2=' ' tag='300'>
        <subfield code='a'>150 p.</subfield>
        <subfield code='c'>20 cm.</subfield>
      </datafield>
      <datafield ind1=' ' ind2=' ' tag='500'>
        <subfield code='a'>In Cyrillic characters.</subfield>
      </datafield>
      <datafield ind1='2' ind2='0' tag='610'>
        <subfield code='a'>Kommunisticheskai͡a partii͡a Sovetskogo Soi͡uza</subfield>
        <subfield code='x'>Party work.</subfield>
      </datafield>
      <datafield ind1='1' ind2=' ' tag='700'>
        <subfield code='a'>Zelenkov, I.</subfield>
      </datafield>
      <datafield ind1='1' ind2=' ' tag='700'>
        <subfield code='a'>Krotov, Fedor Grigorʹevich.</subfield>
      </datafield>
      <datafield ind1=' ' ind2=' ' tag='907'>
        <subfield code='a'>b2623548</subfield>
      </datafield>
      <datafield ind1='9' ind2='1' tag='999'>
        <subfield code='i'>i3773855</subfield>
        <subfield code='l'>ddda</subfield>
        <subfield code='s'>m</subfield>
        <subfield code='t'>0</subfield>
        <subfield code='c'>1</subfield>
        <subfield code='o'>0</subfield>
        <subfield code='b'>HANK-1305-00001</subfield>
        <subfield code='p'>090</subfield>
        <subfield code='q'>|aJN6598.K7 V653</subfield>
      </datafield>
  </record>