
  <record>
    <leader>00000cam  2200193I  4500</leader>
      <controlfield tag='008'>961126s1944    it a          000 0bita d</controlfield>
      <controlfield tag='001'>36002790</controlfield>
      <controlfield tag='005'>19990308150033.0</controlfield>
      <datafield ind1=' ' ind2=' ' tag='040'>
        <subfield code='a'>GZM</subfield>
        <subfield code='c'>GZM</subfield>
        <subfield code='d'>NOC</subfield>
      </datafield>
      <datafield ind1='1' ind2=' ' tag='100'>
        <subfield code='a'>Nardelli, Federico Vittore.</subfield>
      </datafield>
      <datafield ind1='1' ind2='2' tag='245'>
        <subfield code='a'>L&apos;uomo segreto;</subfield>
        <subfield code='b'>vita e croci de Luigi Pirandello.</subfield>
      </datafield>
      <datafield ind1=' ' ind2=' ' tag='250'>
        <subfield code='a'>2. ed.</subfield>
      </datafield>
      <datafield ind1=' ' ind2=' ' tag='260'>
        <subfield code='a'>[Milan]</subfield>
        <subfield code='b'>Mondadori</subfield>
        <subfield code='c'>[1944]</subfield>
      </datafield>
      <datafield ind1=' ' ind2=' ' tag='300'>
        <subfield code='a'>297 p.</subfield>
        <subfield code='b'>illus.</subfield>
        <subfield code='c'>20 cm.</subfield>
      </datafield>
      <datafield ind1='1' ind2='0' tag='600'>
        <subfield code='a'>Pirandello, Luigi,</subfield>
        <subfield code='d'>1867-1936.</subfield>
      </datafield>
      <datafield ind1=' ' ind2='0' tag='650'>
        <subfield code='a'>Authors, Italian</subfield>
        <subfield code='y'>20th century</subfield>
        <subfield code='v'>Biography.</subfield>
      </datafield>
      <datafield ind1=' ' ind2='0' tag='650'>
        <subfield code='a'>Dramatists, Italian</subfield>
        <subfield code='y'>20th century</subfield>
        <subfield code='v'>Biography.</subfield>
      </datafield>
      <datafield ind1=' ' ind2=' ' tag='907'>
        <subfield code='a'>b3207863</subfield>
      </datafield>
      <datafield ind1='9' ind2='1' tag='999'>
        <subfield code='i'>i4556593</subfield>
        <subfield code='l'>trln</subfield>
        <subfield code='s'>-</subfield>
        <subfield code='t'>0</subfield>
        <subfield code='c'>1</subfield>
        <subfield code='o'>0</subfield>
        <subfield code='b'>00016259273</subfield>
        <subfield code='p'>090</subfield>
        <subfield code='q'>|aPQ4835.I7 Z698 1944</subfield>
      </datafield>
  </record>