
  <record>
    <leader>00000cam  2200337 a 4500</leader>
      <controlfield tag='008'>820528s1982    nbua     bc   001 0deng  </controlfield>
      <controlfield tag='001'>8533322</controlfield>
      <controlfield tag='005'>19840705000000.0</controlfield>
      <datafield ind1=' ' ind2=' ' tag='010'>
        <subfield code='a'>82010109</subfield>
      </datafield>
      <datafield ind1=' ' ind2=' ' tag='020'>
        <subfield code='a'>0936364114</subfield>
      </datafield>
      <datafield ind1=' ' ind2=' ' tag='020'>
        <subfield code='a'>0936364084 (pbk.)</subfield>
      </datafield>
      <datafield ind1=' ' ind2=' ' tag='040'>
        <subfield code='a'>DLC</subfield>
        <subfield code='c'>DLC</subfield>
        <subfield code='d'>NOC</subfield>
      </datafield>
      <datafield ind1=' ' ind2=' ' tag='043'>
        <subfield code='a'>n-usp--</subfield>
        <subfield code='a'>n-us-nb</subfield>
      </datafield>
      <datafield ind1='0' ind2=' ' tag='082'>
        <subfield code='a'>704.9/49978/00740182254</subfield>
        <subfield code='2'>19</subfield>
      </datafield>
      <datafield ind1='2' ind2=' ' tag='110'>
        <subfield code='a'>Joslyn Art Museum.</subfield>
      </datafield>
      <datafield ind1='1' ind2='0' tag='245'>
        <subfield code='a'>Legacy of the West /</subfield>
        <subfield code='c'>by David C. Hunt ; with a contribution by Marsha V. Gallagher.</subfield>
      </datafield>
      <datafield ind1=' ' ind2=' ' tag='250'>
        <subfield code='a'>1st ed.</subfield>
      </datafield>
      <datafield ind1=' ' ind2=' ' tag='260'>
        <subfield code='a'>Omaha, Neb. :</subfield>
        <subfield code='b'>Joslyn Art Museum,</subfield>
        <subfield code='c'>c1982.</subfield>
      </datafield>
      <datafield ind1=' ' ind2=' ' tag='300'>
        <subfield code='a'>157 p. :</subfield>
        <subfield code='b'>ill. (some col.) ;</subfield>
        <subfield code='c'>29 cm.</subfield>
      </datafield>
      <datafield ind1=' ' ind2=' ' tag='500'>
        <subfield code='a'>Catalogue of the collection of western U.S. art, including that of Native Americans, in the Joslyn Art Museum.</subfield>
      </datafield>
      <datafield ind1=' ' ind2=' ' tag='500'>
        <subfield code='a'>Includes index.</subfield>
      </datafield>
      <datafield ind1=' ' ind2=' ' tag='504'>
        <subfield code='a'>Bibliography: p. 156.</subfield>
      </datafield>
      <datafield ind1='0' ind2=' ' tag='505'>
        <subfield code='a'>Foreword / by Henry Flood Robert, Jr. -- The artists&apos; legacy of the West ; Artists&apos; biographies and catalogue entries / by David C. Hunt -- Western print catalogue entries / by David C. Hunt -- Ethnographic catalogue entries / by Marsha V. Gallagher.</subfield>
      </datafield>
      <datafield ind1='2' ind2='0' tag='610'>
        <subfield code='a'>Joslyn Art Museum</subfield>
        <subfield code='v'>Catalogs.</subfield>
      </datafield>
      <datafield ind1=' ' ind2='0' tag='650'>
        <subfield code='a'>Indians of North America</subfield>
        <subfield code='x'>Pictorial works</subfield>
        <subfield code='v'>Catalogs.</subfield>
      </datafield>
      <datafield ind1=' ' ind2='0' tag='650'>
        <subfield code='a'>Art</subfield>
        <subfield code='z'>Nebraska</subfield>
        <subfield code='z'>Omaha</subfield>
        <subfield code='v'>Catalogs.</subfield>
      </datafield>
      <datafield ind1=' ' ind2='0' tag='650'>
        <subfield code='a'>Indian art</subfield>
        <subfield code='z'>North America</subfield>
        <subfield code='v'>Catalogs.</subfield>
      </datafield>
      <datafield ind1=' ' ind2='0' tag='650'>
        <subfield code='a'>Artists</subfield>
        <subfield code='v'>Biography.</subfield>
      </datafield>
      <datafield ind1=' ' ind2='0' tag='651'>
        <subfield code='a'>West (U.S.)</subfield>
        <subfield code='x'>In art</subfield>
        <subfield code='v'>Catalogs.</subfield>
      </datafield>
      <datafield ind1='1' ind2=' ' tag='700'>
        <subfield code='a'>Hunt, David C.,</subfield>
        <subfield code='d'>1935-</subfield>
      </datafield>
      <datafield ind1='1' ind2=' ' tag='700'>
        <subfield code='a'>Gallagher, Marsha V.</subfield>
      </datafield>
      <datafield ind1=' ' ind2=' ' tag='907'>
        <subfield code='a'>b1832001</subfield>
      </datafield>
      <datafield ind1='9' ind2='1' tag='999'>
        <subfield code='i'>i2646660</subfield>
        <subfield code='l'>aada</subfield>
        <subfield code='s'>-</subfield>
        <subfield code='t'>0</subfield>
        <subfield code='c'>1</subfield>
        <subfield code='o'>1</subfield>
        <subfield code='b'>00001517148</subfield>
        <subfield code='p'>090</subfield>
        <subfield code='q'>|aN8214.5.U6 J67 1982</subfield>
      </datafield>
      <datafield ind1='9' ind2='1' tag='999'>
        <subfield code='i'>i2646661</subfield>
        <subfield code='l'>trln</subfield>
        <subfield code='s'>-</subfield>
        <subfield code='t'>0</subfield>
        <subfield code='c'>2</subfield>
        <subfield code='o'>0</subfield>
        <subfield code='b'>00014727281</subfield>
        <subfield code='p'>090</subfield>
        <subfield code='q'>|aN8214.5.U6 J67 1982</subfield>
      </datafield>
  </record>