
  <record>
    <leader>00000cas  2200193Ia 4500</leader>
      <controlfield tag='008'>910205d17281728enkuu p       0   a0eng d</controlfield>
      <controlfield tag='001'>23059921</controlfield>
      <controlfield tag='005'>19910205000000.0</controlfield>
      <datafield ind1=' ' ind2=' ' tag='040'>
        <subfield code='a'>NOC</subfield>
        <subfield code='c'>NOC</subfield>
      </datafield>
      <datafield ind1='1' ind2=' ' tag='100'>
        <subfield code='a'>Henley, John,</subfield>
        <subfield code='d'>1692-1756.</subfield>
      </datafield>
      <datafield ind1='1' ind2='0' tag='245'>
        <subfield code='a'>Oratory transactions /</subfield>
        <subfield code='c'>to be occasionally publish&apos;d by J. Henley ...</subfield>
        <subfield code='h'>[serial].</subfield>
      </datafield>
      <datafield ind1=' ' ind2=' ' tag='260'>
        <subfield code='a'>London :</subfield>
        <subfield code='b'>[s.n.],</subfield>
        <subfield code='c'>1728.</subfield>
      </datafield>
      <datafield ind1=' ' ind2=' ' tag='300'>
        <subfield code='a'>v. ;</subfield>
        <subfield code='c'>20 cm. (8vo)</subfield>
      </datafield>
      <datafield ind1='0' ind2=' ' tag='362'>
        <subfield code='a'>No. 1 (1728).</subfield>
      </datafield>
      <datafield ind1=' ' ind2=' ' tag='500'>
        <subfield code='a'>No. 1 contains: I. Preface, II. A narrative by Mr. Welstede, III. A defense of the oratory ...., IV. An idea of what is taught in the week-days academy, V. The plan and rules of the conferences and disputations ...., VI. An explanation of the design in the first sermon at the opening of it.</subfield>
      </datafield>
      <datafield ind1=' ' ind2=' ' tag='530'>
        <subfield code='a'>Available on microfilm as part of: British and Continental rhetoric and elocution (reel 4, no. 43)</subfield>
      </datafield>
      <datafield ind1=' ' ind2='0' tag='650'>
        <subfield code='a'>Oratory</subfield>
        <subfield code='v'>Early works to 1800.</subfield>
      </datafield>
      <datafield ind1=' ' ind2=' ' tag='752'>
        <subfield code='a'>Great Britain</subfield>
        <subfield code='d'>London.</subfield>
      </datafield>
      <datafield ind1=' ' ind2=' ' tag='907'>
        <subfield code='a'>b2379920</subfield>
      </datafield>
      <datafield ind1='9' ind2='1' tag='999'>
        <subfield code='i'>i3420358</subfield>
        <subfield code='l'>wcda</subfield>
        <subfield code='s'>o</subfield>
        <subfield code='t'>2</subfield>
        <subfield code='c'>1</subfield>
        <subfield code='o'>0</subfield>
        <subfield code='b'>00031917766</subfield>
        <subfield code='p'>090</subfield>
        <subfield code='q'>|aPR3506.H98 O7</subfield>
        <subfield code='v'>no.1(1728)</subfield>
      </datafield>
      <datafield ind1='9' ind2='2' tag='999'>
        <subfield code='a'>c2592100</subfield>
        <subfield code='b'>wcda</subfield>
        <subfield code='c'>0</subfield>
      </datafield>
      <datafield ind1='9' ind2='3' tag='999'>
        <subfield code='0'>c2592100</subfield>
        <subfield code='2'>852</subfield>
        <subfield code='3'>c</subfield>
        <subfield code='b'>572211</subfield>
        <subfield code='h'>PR3506.H98</subfield>
        <subfield code='i'>O7</subfield>
      </datafield>
      <datafield ind1='9' ind2='3' tag='999'>
        <subfield code='0'>c2592100</subfield>
        <subfield code='2'>853</subfield>
        <subfield code='3'>y</subfield>
        <subfield code='8'>1</subfield>
        <subfield code='a'>no.</subfield>
        <subfield code='i'>(year)</subfield>
        <subfield code='t'>c.</subfield>
      </datafield>
      <datafield ind1='9' ind2='3' tag='999'>
        <subfield code='0'>c2592100</subfield>
        <subfield code='2'>866</subfield>
        <subfield code='3'>h</subfield>
        <subfield code='8'>0</subfield>
        <subfield code='a'>no. 1 (1728)</subfield>
      </datafield>
  </record>