
  <record>
    <leader>00000nam  2200205   4500</leader>
      <controlfield tag='008'>791208s1719    enk|||| a     00| ||eng d</controlfield>
      <controlfield tag='001'>M-ESTCT69704</controlfield>
      <controlfield tag='005'>19961112112658.0</controlfield>
      <datafield ind1=' ' ind2=' ' tag='040'>
        <subfield code='a'>Uk-ES</subfield>
        <subfield code='c'>Uk-ES</subfield>
        <subfield code='d'>Cu-RivES</subfield>
        <subfield code='d'>CStRLIN</subfield>
        <subfield code='d'>ResP</subfield>
      </datafield>
      <datafield ind1='1' ind2=' ' tag='100'>
        <subfield code='a'>Defoe, Daniel,</subfield>
        <subfield code='d'>1661?-1731.</subfield>
      </datafield>
      <datafield ind1='1' ind2='2' tag='245'>
        <subfield code='a'>A brief state of the question, between the printed and painted callicoes</subfield>
        <subfield code='h'>[microform]</subfield>
        <subfield code='b'>and the woollen and silk manufacture, as far as it relates to the wearing and using of printed and painted callicoes in Great-Britain.</subfield>
      </datafield>
      <datafield ind1=' ' ind2=' ' tag='260'>
        <subfield code='a'>London :</subfield>
        <subfield code='b'>printed for W. Boreham,</subfield>
        <subfield code='c'>1719.</subfield>
      </datafield>
      <datafield ind1=' ' ind2=' ' tag='300'>
        <subfield code='a'>48p. ;</subfield>
        <subfield code='c'>8̕.</subfield>
      </datafield>
      <datafield ind1=' ' ind2=' ' tag='500'>
        <subfield code='a'>Anonymous. By Daniel Defoe.</subfield>
      </datafield>
      <datafield ind1=' ' ind2=' ' tag='510'>
        <subfield code='a'>Moore 420; Hanson 2480; Kress 3090; Goldsmiths&apos; 5526</subfield>
      </datafield>
      <datafield ind1=' ' ind2=' ' tag='533'>
        <subfield code='a'>Microfilm.</subfield>
        <subfield code='b'>Woodbridge, CT</subfield>
        <subfield code='c'>Research Publications, Inc.,</subfield>
        <subfield code='d'>1983.</subfield>
        <subfield code='e'>1 reel ; 35mm.</subfield>
        <subfield code='f'>(The Eighteenth Century ; reel 402, no. 13).</subfield>
      </datafield>
      <datafield ind1=' ' ind2='0' tag='830'>
        <subfield code='a'>Eighteenth century ;</subfield>
        <subfield code='v'>reel 402, no. 13.</subfield>
      </datafield>
      <datafield ind1=' ' ind2=' ' tag='907'>
        <subfield code='a'>b3896767</subfield>
      </datafield>
      <datafield ind1='9' ind2='1' tag='999'>
        <subfield code='i'>i5379363</subfield>
        <subfield code='l'>dgdaa</subfield>
        <subfield code='s'>-</subfield>
        <subfield code='t'>28</subfield>
        <subfield code='c'>1</subfield>
        <subfield code='o'>0</subfield>
        <subfield code='b'>HBDL-0885-00001</subfield>
        <subfield code='p'>099</subfield>
        <subfield code='q'>|a1-2586 reel 402, no. 13</subfield>
      </datafield>
  </record>