
  <record>
    <leader>00000nam a2200385 a 4500</leader>
      <controlfield tag='006'>m     o  d f</controlfield>
      <controlfield tag='008'>091110s1974    dcua    ob   f000 0 eng c</controlfield>
      <controlfield tag='007'>cr bn|||||||||</controlfield>
      <controlfield tag='001'>464610390</controlfield>
      <controlfield tag='003'>OCoLC</controlfield>
      <controlfield tag='005'>20121231094720.0</controlfield>
      <datafield ind1=' ' ind2=' ' tag='040'>
        <subfield code='a'>MUU</subfield>
        <subfield code='b'>eng</subfield>
        <subfield code='c'>MUU</subfield>
        <subfield code='d'>OCLCQ</subfield>
        <subfield code='d'>CUS</subfield>
        <subfield code='d'>OCLCQ</subfield>
        <subfield code='d'>GPO</subfield>
        <subfield code='d'>MvI</subfield>
      </datafield>
      <datafield ind1=' ' ind2=' ' tag='042'>
        <subfield code='a'>pcc</subfield>
      </datafield>
      <datafield ind1='0' ind2=' ' tag='086'>
        <subfield code='a'>SI 1.27:164</subfield>
      </datafield>
      <datafield ind1='1' ind2=' ' tag='100'>
        <subfield code='a'>Hobbs, Horton H.</subfield>
        <subfield code='q'>(Horton Holcombe),</subfield>
        <subfield code='d'>1914-1994.</subfield>
      </datafield>
      <datafield ind1='1' ind2='0' tag='245'>
        <subfield code='a'>Synopsis of the families and genera of crayfishes (Crustacea: Decapoda)</subfield>
        <subfield code='h'>[electronic resource] /</subfield>
        <subfield code='c'>Horton H. Hobbs, Jr.</subfield>
      </datafield>
      <datafield ind1=' ' ind2=' ' tag='260'>
        <subfield code='a'>Washington, D.C. :</subfield>
        <subfield code='b'>Smithsonian Institution Press,</subfield>
        <subfield code='c'>1974.</subfield>
      </datafield>
      <datafield ind1=' ' ind2=' ' tag='300'>
        <subfield code='a'>1 online resource (32 p.) :</subfield>
        <subfield code='b'>ill.</subfield>
      </datafield>
      <datafield ind1=' ' ind2=' ' tag='504'>
        <subfield code='a'>Includes bibliographical references (p. 27-32).</subfield>
      </datafield>
      <datafield ind1=' ' ind2=' ' tag='588'>
        <subfield code='a'>Title from title screen (viewed Nov. 10, 2009).</subfield>
      </datafield>
      <datafield ind1=' ' ind2='0' tag='650'>
        <subfield code='a'>Crayfish.</subfield>
      </datafield>
      <datafield ind1=' ' ind2='0' tag='650'>
        <subfield code='a'>Lobsters.</subfield>
      </datafield>
      <datafield ind1='2' ind2=' ' tag='710'>
        <subfield code='a'>Smithsonian Institution.</subfield>
      </datafield>
      <datafield ind1='0' ind2='8' tag='776'>
        <subfield code='i'>Print version:</subfield>
        <subfield code='a'>Hobbs, Horton Holcombe, 1914-</subfield>
        <subfield code='t'>Synopsis of the families and genera of crayfishes (Crustacea: Decapoda)</subfield>
        <subfield code='w'>(DLC)   73012229</subfield>
        <subfield code='w'>(OCoLC)677432</subfield>
      </datafield>
      <datafield ind1=' ' ind2='0' tag='830'>
        <subfield code='a'>Smithsonian contributions to zoology ;</subfield>
        <subfield code='v'>no. 164.</subfield>
      </datafield>
      <datafield ind1='4' ind2='0' tag='856'>
        <subfield code='u'>http://purl.fdlp.gov/GPO/gpo32616</subfield>
      </datafield>
      <datafield ind1=' ' ind2=' ' tag='919'>
        <subfield code='a'>dwsgpo</subfield>
      </datafield>
      <datafield ind1=' ' ind2=' ' tag='907'>
        <subfield code='a'>b7319453</subfield>
      </datafield>
  </record>