
  <record>
    <leader>00000cas a22003977a 4500</leader>
      <controlfield tag='006'>m        d</controlfield>
      <controlfield tag='007'>cr  n</controlfield>
      <controlfield tag='008'>950118d18971977vaudr nes     0   a0eng d</controlfield>
      <controlfield tag='001'>ssj0000578826</controlfield>
      <controlfield tag='003'>WaSeSS</controlfield>
      <controlfield tag='005'>20130407180341.0</controlfield>
      <datafield ind1=' ' ind2=' ' tag='010'>
        <subfield code='a'>sn 95079490</subfield>
      </datafield>
      <datafield ind1=' ' ind2=' ' tag='022'>
        <subfield code='y'>2166-7969</subfield>
      </datafield>
      <datafield ind1=' ' ind2=' ' tag='035'>
        <subfield code='z'>31849781</subfield>
      </datafield>
      <datafield ind1=' ' ind2=' ' tag='040'>
        <subfield code='a'>Vi</subfield>
        <subfield code='b'>eng</subfield>
        <subfield code='c'>Vi</subfield>
        <subfield code='d'>OCoLC</subfield>
        <subfield code='d'>DLC</subfield>
        <subfield code='d'>Vi</subfield>
        <subfield code='d'>OCoLC</subfield>
        <subfield code='d'>WaSeSS</subfield>
      </datafield>
      <datafield ind1=' ' ind2=' ' tag='042'>
        <subfield code='a'>msc</subfield>
        <subfield code='a'>nsdp</subfield>
      </datafield>
      <datafield ind1=' ' ind2=' ' tag='043'>
        <subfield code='a'>n-us-va</subfield>
      </datafield>
      <datafield ind1='1' ind2='0' tag='082'>
        <subfield code='a'>071</subfield>
        <subfield code='2'>14</subfield>
      </datafield>
      <datafield ind1='0' ind2=' ' tag='130'>
        <subfield code='a'>Roanoke times (Roanoke, Va. : 1897 : Daily : Online)</subfield>
      </datafield>
      <datafield ind1=' ' ind2='4' tag='222'>
        <subfield code='a'>The Roanoke times (Roanoke, Va. 1897. Daily)</subfield>
      </datafield>
      <datafield ind1='1' ind2='4' tag='245'>
        <subfield code='a'>The Roanoke times</subfield>
        <subfield code='h'>[electronic resource].</subfield>
      </datafield>
      <datafield ind1='1' ind2='3' tag='246'>
        <subfield code='a'>Roanoke times &amp; world news</subfield>
        <subfield code='f'>v. 1, no. 10 (Sept. 4, 1976)-v. 2, no. 26 (Mar. 26, 1977)</subfield>
      </datafield>
      <datafield ind1=' ' ind2=' ' tag='260'>
        <subfield code='a'>Roanoke, Va. :</subfield>
        <subfield code='b'>Roanoke Pub. Co.,</subfield>
        <subfield code='c'>1897-</subfield>
      </datafield>
      <datafield ind1=' ' ind2=' ' tag='310'>
        <subfield code='a'>Daily</subfield>
      </datafield>
      <datafield ind1='0' ind2=' ' tag='362'>
        <subfield code='a'>Vol. 17, no. 96 (Jan. 28, 1897)-</subfield>
      </datafield>
      <datafield ind1='1' ind2=' ' tag='362'>
        <subfield code='a'>Ceased in Apr. 1977.</subfield>
      </datafield>
      <datafield ind1=' ' ind2=' ' tag='500'>
        <subfield code='a'>Saturday edition published jointly with the World news (Roanoke, Va. : 1970 : Daily) as the: Roanoke times &amp; world news, v. 1, no. 10 (Sept. 4, 1976)--v.2, no. 26 (Mar. 26, 1977).</subfield>
      </datafield>
      <datafield ind1=' ' ind2=' ' tag='588'>
        <subfield code='a'>Latest issue consulted: Vol. 181, no. 64 (Mar. 31, 1977).</subfield>
      </datafield>
      <datafield ind1=' ' ind2='0' tag='651'>
        <subfield code='a'>Roanoke (Va.)</subfield>
        <subfield code='v'>Newspapers.</subfield>
      </datafield>
      <datafield ind1=' ' ind2='0' tag='655'>
        <subfield code='a'>Electronic journals.</subfield>
      </datafield>
      <datafield ind1=' ' ind2=' ' tag='752'>
        <subfield code='a'>United States</subfield>
        <subfield code='b'>Virginia</subfield>
        <subfield code='d'>Roanoke.</subfield>
      </datafield>
      <datafield ind1='0' ind2='0' tag='780'>
        <subfield code='t'>Roanoke daily times (Roanoke, Va. : 1895 : Daily)</subfield>
        <subfield code='x'>2166-7950</subfield>
        <subfield code='w'>(DLC)sn 95079481</subfield>
        <subfield code='w'>(OCoLC)31849760</subfield>
      </datafield>
      <datafield ind1='0' ind2='7' tag='785'>
        <subfield code='t'>World news (Roanoke, Va. : 1970 : Daily)</subfield>
        <subfield code='w'>(DLC)sn 95079483</subfield>
        <subfield code='w'>(OCoLC)31849389</subfield>
      </datafield>
      <datafield ind1='0' ind2='7' tag='785'>
        <subfield code='t'>Roanoke times &amp; world news</subfield>
        <subfield code='w'>(DLC)sn 83045842</subfield>
        <subfield code='w'>(OCoLC)9725349</subfield>
      </datafield>
      <datafield ind1='4' ind2='0' tag='856'>
        <subfield code='y'>Full text available via the UNC-Chapel Hill Libraries</subfield>
        <subfield code='u'>http://VB3LK7EB4T.search.serialssolutions.com/?V=1.0&amp;L=VB3LK7EB4T&amp;S=JCs&amp;C=TC0000578826&amp;T=marc</subfield>
        <subfield code='x'>Chronicling America: Historic American Newspapers</subfield>
      </datafield>
      <datafield ind1=' ' ind2='2' tag='907'>
        <subfield code='a'>b7044263</subfield>
      </datafield>
  </record>