
  <record>
    <leader>00000cam  22002294a 4500</leader>
      <controlfield tag='008'>010209s2002    njua     b    001 0 eng  </controlfield>
      <controlfield tag='001'>45957951</controlfield>
      <controlfield tag='005'>20020207150400.0</controlfield>
      <datafield ind1=' ' ind2=' ' tag='010'>
        <subfield code='a'>2001021268</subfield>
      </datafield>
      <datafield ind1=' ' ind2=' ' tag='015'>
        <subfield code='a'>GBA1-W0492</subfield>
      </datafield>
      <datafield ind1=' ' ind2=' ' tag='020'>
        <subfield code='a'>0691016194</subfield>
      </datafield>
      <datafield ind1=' ' ind2=' ' tag='040'>
        <subfield code='a'>DLC</subfield>
        <subfield code='c'>DLC</subfield>
        <subfield code='d'>UKM</subfield>
        <subfield code='d'>C#P</subfield>
        <subfield code='d'>NOC</subfield>
      </datafield>
      <datafield ind1='0' ind2='0' tag='050'>
        <subfield code='a'>HV6558</subfield>
        <subfield code='b'>.B75 2002</subfield>
      </datafield>
      <datafield ind1='1' ind2=' ' tag='100'>
        <subfield code='a'>Brison, Susan J.</subfield>
      </datafield>
      <datafield ind1='1' ind2='0' tag='245'>
        <subfield code='a'>Aftermath :</subfield>
        <subfield code='b'>violence and the remaking of a self /</subfield>
        <subfield code='c'>Susan J. Brison.</subfield>
      </datafield>
      <datafield ind1=' ' ind2=' ' tag='260'>
        <subfield code='a'>Princeton, N.J. :</subfield>
        <subfield code='b'>Princeton University Press,</subfield>
        <subfield code='c'>c2002.</subfield>
      </datafield>
      <datafield ind1=' ' ind2=' ' tag='300'>
        <subfield code='a'>165 p. :</subfield>
        <subfield code='b'>ill. ;</subfield>
        <subfield code='c'>22 cm.</subfield>
      </datafield>
      <datafield ind1=' ' ind2=' ' tag='504'>
        <subfield code='a'>Includes bibliographical references and index.</subfield>
      </datafield>
      <datafield ind1=' ' ind2='0' tag='650'>
        <subfield code='a'>Rape victims</subfield>
        <subfield code='x'>Psychology.</subfield>
      </datafield>
      <datafield ind1=' ' ind2='0' tag='650'>
        <subfield code='a'>Victims of violent crimes</subfield>
        <subfield code='x'>Psychology.</subfield>
      </datafield>
      <datafield ind1=' ' ind2='0' tag='650'>
        <subfield code='a'>Traumatic shock.</subfield>
      </datafield>
      <datafield ind1=' ' ind2=' ' tag='907'>
        <subfield code='a'>b4094698</subfield>
      </datafield>
      <datafield ind1='9' ind2='1' tag='999'>
        <subfield code='i'>i5625932</subfield>
        <subfield code='l'>ddda</subfield>
        <subfield code='s'>-</subfield>
        <subfield code='t'>0</subfield>
        <subfield code='c'>1</subfield>
        <subfield code='o'>29</subfield>
        <subfield code='d'>20170815</subfield>
        <subfield code='b'>00019828377</subfield>
        <subfield code='p'>090</subfield>
        <subfield code='q'>|aHV6558 .B75 2002</subfield>
      </datafield>
  </record>