
  <record>
    <leader>00000cam  2200253Ia 4500</leader>
      <controlfield tag='008'>900407s1981    maua     b    000 0 eng d</controlfield>
      <controlfield tag='001'>21346300</controlfield>
      <controlfield tag='005'>19900407000000.0</controlfield>
      <datafield ind1=' ' ind2=' ' tag='040'>
        <subfield code='a'>NOC</subfield>
        <subfield code='c'>NOC</subfield>
      </datafield>
      <datafield ind1='1' ind2=' ' tag='100'>
        <subfield code='a'>Pool, Ithiel de Sola,</subfield>
        <subfield code='d'>1917-1984.</subfield>
      </datafield>
      <datafield ind1='1' ind2='0' tag='245'>
        <subfield code='a'>Tariff policy and capital formation in telecommunications /</subfield>
        <subfield code='c'>by Ithiel de Sola Pool, Marvin A. Sirbu, Jr., Richard Solomon.</subfield>
      </datafield>
      <datafield ind1=' ' ind2=' ' tag='260'>
        <subfield code='a'>Cambridge, Mass. :</subfield>
        <subfield code='b'>Center for Policy Alternatives, Massachusetts Institute of Technology,</subfield>
        <subfield code='c'>[1981]</subfield>
      </datafield>
      <datafield ind1=' ' ind2=' ' tag='300'>
        <subfield code='a'>ix, 57 p. :</subfield>
        <subfield code='b'>ill. ;</subfield>
        <subfield code='c'>28 cm.</subfield>
      </datafield>
      <datafield ind1=' ' ind2=' ' tag='500'>
        <subfield code='a'>&quot;August 1981.&quot;</subfield>
      </datafield>
      <datafield ind1=' ' ind2=' ' tag='504'>
        <subfield code='a'>Includes bibliographical references.</subfield>
      </datafield>
      <datafield ind1=' ' ind2='0' tag='650'>
        <subfield code='a'>Telecommunication</subfield>
        <subfield code='x'>Rates.</subfield>
      </datafield>
      <datafield ind1=' ' ind2='0' tag='650'>
        <subfield code='a'>Telecommunication policy.</subfield>
      </datafield>
      <datafield ind1='1' ind2=' ' tag='700'>
        <subfield code='a'>Sirbu, Marvin A.</subfield>
      </datafield>
      <datafield ind1='1' ind2=' ' tag='700'>
        <subfield code='a'>Solomon, Richard Jay.</subfield>
      </datafield>
      <datafield ind1=' ' ind2='0' tag='830'>
        <subfield code='a'>CPA (Series) (Cambridge, Mass.) ;</subfield>
        <subfield code='v'>81-23.</subfield>
      </datafield>
      <datafield ind1=' ' ind2=' ' tag='907'>
        <subfield code='a'>b2343655</subfield>
      </datafield>
      <datafield ind1='9' ind2='1' tag='999'>
        <subfield code='i'>i3370285</subfield>
        <subfield code='l'>trln</subfield>
        <subfield code='s'>-</subfield>
        <subfield code='t'>0</subfield>
        <subfield code='c'>1</subfield>
        <subfield code='o'>0</subfield>
        <subfield code='b'>00006227406</subfield>
        <subfield code='p'>090</subfield>
        <subfield code='q'>|aHE7681 .P664 1981</subfield>
      </datafield>
  </record>