
  <record>
    <leader>00000cam  2200277   4500</leader>
      <controlfield tag='008'>911104s1968    nyua   j      000 0 eng  </controlfield>
      <controlfield tag='001'>449350</controlfield>
      <controlfield tag='005'>19911104000000.0</controlfield>
      <datafield ind1=' ' ind2=' ' tag='010'>
        <subfield code='a'>68029366 //r912</subfield>
      </datafield>
      <datafield ind1=' ' ind2=' ' tag='040'>
        <subfield code='a'>DLC</subfield>
        <subfield code='c'>DLC</subfield>
        <subfield code='d'>m.c.</subfield>
      </datafield>
      <datafield ind1='1' ind2=' ' tag='041'>
        <subfield code='a'>engger</subfield>
      </datafield>
      <datafield ind1='0' ind2='0' tag='050'>
        <subfield code='a'>PZ8.3.M8</subfield>
        <subfield code='b'>Th</subfield>
      </datafield>
      <datafield ind1='0' ind2='0' tag='082'>
        <subfield code='a'>811 (j)</subfield>
      </datafield>
      <datafield ind1='1' ind2=' ' tag='100'>
        <subfield code='a'>Morgenstern, Christian,</subfield>
        <subfield code='d'>1871-1914.</subfield>
      </datafield>
      <datafield ind1='1' ind2='0' tag='240'>
        <subfield code='a'>Works.</subfield>
        <subfield code='k'>Selections.</subfield>
        <subfield code='l'>English</subfield>
      </datafield>
      <datafield ind1='1' ind2='4' tag='245'>
        <subfield code='a'>The three sparrows, and other nursery poems.</subfield>
        <subfield code='c'>Translated by Max Knight. Pictures by Nonny Hogrogian.</subfield>
      </datafield>
      <datafield ind1=' ' ind2=' ' tag='260'>
        <subfield code='a'>New York,</subfield>
        <subfield code='b'>Scribner</subfield>
        <subfield code='c'>[1968]</subfield>
      </datafield>
      <datafield ind1=' ' ind2=' ' tag='300'>
        <subfield code='a'>1 v. (unpaged)</subfield>
        <subfield code='b'>illus. (part col.)</subfield>
        <subfield code='c'>20 x 25 cm.</subfield>
      </datafield>
      <datafield ind1='1' ind2='0' tag='600'>
        <subfield code='a'>Morgenstern, Christian,</subfield>
        <subfield code='d'>1871-1914</subfield>
        <subfield code='v'>Translations into English.</subfield>
      </datafield>
      <datafield ind1=' ' ind2='0' tag='650'>
        <subfield code='a'>Children&apos;s poetry, German</subfield>
        <subfield code='v'>Translations into English.</subfield>
      </datafield>
      <datafield ind1='1' ind2=' ' tag='700'>
        <subfield code='a'>Knight, Max,</subfield>
        <subfield code='e'>translator.</subfield>
      </datafield>
      <datafield ind1='1' ind2=' ' tag='700'>
        <subfield code='a'>Hogrogian, Nonny,</subfield>
        <subfield code='e'>illustrator.</subfield>
      </datafield>
      <datafield ind1=' ' ind2=' ' tag='907'>
        <subfield code='a'>b1118469</subfield>
      </datafield>
      <datafield ind1='9' ind2='1' tag='999'>
        <subfield code='i'>i1213644</subfield>
        <subfield code='l'>trln</subfield>
        <subfield code='s'>-</subfield>
        <subfield code='t'>0</subfield>
        <subfield code='c'>1</subfield>
        <subfield code='o'>1</subfield>
        <subfield code='b'>10001381979</subfield>
        <subfield code='p'>090</subfield>
        <subfield code='q'>|aPZ8.3 .M8 Th</subfield>
      </datafield>
  </record>