
  <record>
    <leader>00000cam a2200469 i 4500</leader>
      <controlfield tag='008'>150611s2005    ti a   j      000 1 ara  </controlfield>
      <controlfield tag='001'>910937603</controlfield>
      <controlfield tag='003'>OCoLC</controlfield>
      <controlfield tag='005'>20150611104120.0</controlfield>
      <datafield ind1=' ' ind2=' ' tag='020'>
        <subfield code='a'>9973244885</subfield>
      </datafield>
      <datafield ind1=' ' ind2=' ' tag='020'>
        <subfield code='a'>9789973244888</subfield>
      </datafield>
      <datafield ind1=' ' ind2=' ' tag='035'>
        <subfield code='a'>(OCoLC)910937603</subfield>
      </datafield>
      <datafield ind1=' ' ind2=' ' tag='040'>
        <subfield code='a'>NOC</subfield>
        <subfield code='b'>eng</subfield>
        <subfield code='e'>rda</subfield>
        <subfield code='c'>NOC</subfield>
        <subfield code='d'>NOC</subfield>
      </datafield>
      <datafield ind1=' ' ind2=' ' tag='042'>
        <subfield code='a'>pcc</subfield>
      </datafield>
      <datafield ind1=' ' ind2=' ' tag='049'>
        <subfield code='a'>NOCC</subfield>
      </datafield>
      <datafield ind1='1' ind2=' ' tag='100'>
        <subfield code='6'>880-01</subfield>
        <subfield code='a'>ʻAyyādī, Abū Bakr,</subfield>
        <subfield code='d'>1951-</subfield>
        <subfield code='e'>author.</subfield>
      </datafield>
      <datafield ind1='1' ind2='3' tag='245'>
        <subfield code='6'>880-02</subfield>
        <subfield code='a'>al-Malik al-samīn wa-al-ḥakīm /</subfield>
        <subfield code='c'>naṣṣ Abū Bakr al-ʻAyyādī ; taṣmīm wa-rusūm Shākir Qalʻī, ʻAwāṭif Miṣbāḥ.</subfield>
      </datafield>
      <datafield ind1=' ' ind2='1' tag='264'>
        <subfield code='6'>880-03</subfield>
        <subfield code='a'>Tūnis :</subfield>
        <subfield code='b'>Dār al-Yamāmah lil-Nashr wa-al-Tawzīʻ,</subfield>
        <subfield code='c'>[2005]</subfield>
      </datafield>
      <datafield ind1=' ' ind2=' ' tag='300'>
        <subfield code='a'>31 pages :</subfield>
        <subfield code='b'>color illustrations ;</subfield>
        <subfield code='c'>17 cm.</subfield>
      </datafield>
      <datafield ind1=' ' ind2=' ' tag='336'>
        <subfield code='a'>text</subfield>
        <subfield code='b'>txt</subfield>
        <subfield code='2'>rdacontent</subfield>
      </datafield>
      <datafield ind1=' ' ind2=' ' tag='337'>
        <subfield code='a'>unmediated</subfield>
        <subfield code='b'>n</subfield>
        <subfield code='2'>rdamedia</subfield>
      </datafield>
      <datafield ind1=' ' ind2=' ' tag='338'>
        <subfield code='a'>volume</subfield>
        <subfield code='b'>nc</subfield>
        <subfield code='2'>rdacarrier</subfield>
      </datafield>
      <datafield ind1=' ' ind2='0' tag='650'>
        <subfield code='a'>Children&apos;s stories, Arabic.</subfield>
      </datafield>
      <datafield ind1=' ' ind2='0' tag='650'>
        <subfield code='a'>Kings and rulers</subfield>
        <subfield code='v'>Juvenile fiction.</subfield>
      </datafield>
      <datafield ind1='1' ind2=' ' tag='700'>
        <subfield code='6'>880-05</subfield>
        <subfield code='a'>Qalʻī, Shākir,</subfield>
        <subfield code='e'>illustrator.</subfield>
      </datafield>
      <datafield ind1='1' ind2=' ' tag='700'>
        <subfield code='6'>880-06</subfield>
        <subfield code='a'>Miṣbāḥ, ʻAwāṭif,</subfield>
        <subfield code='e'>illustrator.</subfield>
      </datafield>
      <datafield ind1=' ' ind2='0' tag='830'>
        <subfield code='6'>880-07</subfield>
        <subfield code='a'>Silsilat wāḥat al-ḥikāyāt ;</subfield>
        <subfield code='v'>8.</subfield>
      </datafield>
      <datafield ind1='1' ind2=' ' tag='880'>
        <subfield code='6'>100-01/r</subfield>
        <subfield code='a'>عيادي، أبو بكر،</subfield>
        <subfield code='d'>1951-</subfield>
      </datafield>
      <datafield ind1='1' ind2='2' tag='880'>
        <subfield code='6'>245-02/r</subfield>
        <subfield code='a'>الملك السمين والحكيم /</subfield>
        <subfield code='c'>نص أبو بكر العيادي ؛ تصميم ورسوم شاكر قلعي، عواطف مصباح.</subfield>
      </datafield>
      <datafield ind1=' ' ind2='1' tag='880'>
        <subfield code='6'>264-03/r</subfield>
        <subfield code='a'>تونس :</subfield>
        <subfield code='b'>دار اليمامة للنشر والتوزيع،</subfield>
        <subfield code='c'>[2005]</subfield>
      </datafield>
      <datafield ind1='1' ind2=' ' tag='880'>
        <subfield code='6'>490-04/r</subfield>
        <subfield code='a'>سلسلة واحة الحكايات ؛</subfield>
        <subfield code='v'>8</subfield>
      </datafield>
      <datafield ind1='1' ind2=' ' tag='880'>
        <subfield code='6'>700-05/r</subfield>
        <subfield code='a'>قلعي، شاكر.</subfield>
      </datafield>
      <datafield ind1='1' ind2=' ' tag='880'>
        <subfield code='6'>700-06/r</subfield>
        <subfield code='a'>مصباح، عواطف.</subfield>
      </datafield>
      <datafield ind1=' ' ind2='0' tag='880'>
        <subfield code='6'>830-07/r</subfield>
        <subfield code='a'>سلسلة واحة الحكايات ؛</subfield>
        <subfield code='v'>8.</subfield>
      </datafield>
      <datafield ind1=' ' ind2=' ' tag='907'>
        <subfield code='a'>b8253683</subfield>
      </datafield>
      <datafield ind1='9' ind2='1' tag='999'>
        <subfield code='i'>i10788055</subfield>
        <subfield code='l'>lljd</subfield>
        <subfield code='s'>-</subfield>
        <subfield code='t'>22</subfield>
        <subfield code='c'>1</subfield>
        <subfield code='o'>1</subfield>
        <subfield code='b'>00049479893</subfield>
        <subfield code='p'>099</subfield>
        <subfield code='q'>|aJ892.7|aAyyadi</subfield>
      </datafield>
  </record>