
  <record>
    <leader>00000cam  2200337 a 4500</leader>
      <controlfield tag='006'>m        d</controlfield>
      <controlfield tag='008'>950724q18401849xxu     s     000 0 eng d</controlfield>
      <controlfield tag='007'>cr mn mmmmamba</controlfield>
      <controlfield tag='001'>aas05005564</controlfield>
      <controlfield tag='005'>20060708095614.0</controlfield>
      <datafield ind1=' ' ind2=' ' tag='040'>
        <subfield code='a'>MWA</subfield>
        <subfield code='c'>MWA</subfield>
        <subfield code='e'>dcrb</subfield>
      </datafield>
      <datafield ind1='0' ind2=' ' tag='130'>
        <subfield code='a'>Atheist, and his little daughter.</subfield>
      </datafield>
      <datafield ind1='0' ind2='4' tag='245'>
        <subfield code='a'>The Young lady&apos;s dream</subfield>
        <subfield code='h'>[electronic resource].</subfield>
      </datafield>
      <datafield ind1=' ' ind2=' ' tag='260'>
        <subfield code='a'>[United States :</subfield>
        <subfield code='b'>s.n.,</subfield>
        <subfield code='c'>184-?]</subfield>
      </datafield>
      <datafield ind1=' ' ind2=' ' tag='300'>
        <subfield code='a'>1 online resource (1 sheet ([1] p.))</subfield>
      </datafield>
      <datafield ind1=' ' ind2=' ' tag='500'>
        <subfield code='a'>Verse in fifty-four numbered stanzas; first lines: Ye parents who have children dear, to what I shall relate, give ear.</subfield>
      </datafield>
      <datafield ind1=' ' ind2=' ' tag='500'>
        <subfield code='a'>Published earlier under title: The Athiest, and his little daughter.</subfield>
      </datafield>
      <datafield ind1=' ' ind2=' ' tag='500'>
        <subfield code='a'>Imprint dates suggested by typography.</subfield>
      </datafield>
      <datafield ind1=' ' ind2=' ' tag='500'>
        <subfield code='a'>Text in three columns; printed area, including ornamental border, measures 28.1 x 21.2 cm.</subfield>
      </datafield>
      <datafield ind1='1' ind2=' ' tag='506'>
        <subfield code='a'>Access limited to UNC Chapel Hill-authenticated users.</subfield>
        <subfield code='f'>Unlimited simultaneous users</subfield>
      </datafield>
      <datafield ind1=' ' ind2=' ' tag='516'>
        <subfield code='a'>Includes files in TIFF, GIF and PDF formats with inclusion of keyword searchable text.</subfield>
      </datafield>
      <datafield ind1=' ' ind2='0' tag='650'>
        <subfield code='a'>Atheists</subfield>
        <subfield code='v'>Poetry.</subfield>
      </datafield>
      <datafield ind1=' ' ind2='0' tag='650'>
        <subfield code='a'>Christian life.</subfield>
      </datafield>
      <datafield ind1=' ' ind2='7' tag='655'>
        <subfield code='a'>Broadsides.</subfield>
        <subfield code='2'>rbgenr</subfield>
      </datafield>
      <datafield ind1=' ' ind2='7' tag='655'>
        <subfield code='a'>Poems</subfield>
        <subfield code='y'>1840.</subfield>
        <subfield code='2'>rbgenr</subfield>
      </datafield>
      <datafield ind1=' ' ind2=' ' tag='752'>
        <subfield code='a'>United States.</subfield>
      </datafield>
      <datafield ind1='0' ind2=' ' tag='773'>
        <subfield code='t'>American broadsides and ephemera (online collection). Series 1</subfield>
      </datafield>
      <datafield ind1=' ' ind2='0' tag='830'>
        <subfield code='a'>American broadsides and ephemera.</subfield>
        <subfield code='n'>Series 1 ;</subfield>
        <subfield code='v'>no. 5564.</subfield>
      </datafield>
      <datafield ind1='4' ind2='0' tag='856'>
        <subfield code='u'>http://libproxy.lib.unc.edu/login?url=http://opac.newsbank.com/select/broadsides1/5564</subfield>
        <subfield code='x'>American Broadsides and Ephemera</subfield>
        <subfield code='y'>Full text available via the UNC-Chapel Hill Libraries</subfield>
      </datafield>
      <datafield ind1=' ' ind2=' ' tag='907'>
        <subfield code='a'>b6263495</subfield>
      </datafield>
  </record>