
  <record>
    <leader>00000cam  22003853i 4500</leader>
      <controlfield tag='006'>m    |o  d |</controlfield>
      <controlfield tag='008'>770331m19021903nyuc    o     000 0deng  </controlfield>
      <controlfield tag='007'>cr |n ---||a|a</controlfield>
      <controlfield tag='001'>ACAR2757-CW3</controlfield>
      <controlfield tag='003'>AccessibleArchives</controlfield>
      <controlfield tag='005'>20090828124159.0</controlfield>
      <datafield ind1=' ' ind2=' ' tag='010'>
        <subfield code='z'>02016763 //r26</subfield>
      </datafield>
      <datafield ind1=' ' ind2=' ' tag='040'>
        <subfield code='a'>DLC</subfield>
        <subfield code='c'>DMM</subfield>
        <subfield code='d'>SER</subfield>
        <subfield code='d'>CTH</subfield>
      </datafield>
      <datafield ind1='0' ind2='4' tag='050'>
        <subfield code='a'>E467.1.S4</subfield>
        <subfield code='b'>S44</subfield>
      </datafield>
      <datafield ind1='1' ind2=' ' tag='100'>
        <subfield code='a'>Sedgwick, John,</subfield>
        <subfield code='d'>1813-1864.</subfield>
      </datafield>
      <datafield ind1='1' ind2='0' tag='245'>
        <subfield code='a'>Correspondence of John Sedgwick, Major-General</subfield>
        <subfield code='h'>[electronic resource]</subfield>
      </datafield>
      <datafield ind1=' ' ind2=' ' tag='260'>
        <subfield code='a'>New York :</subfield>
        <subfield code='b'>Printed for C. and E.B. Stoeckel [by the De Vinne Press]</subfield>
        <subfield code='c'>1902-03.</subfield>
      </datafield>
      <datafield ind1=' ' ind2=' ' tag='300'>
        <subfield code='a'>1 online resource (2 v.) :</subfield>
        <subfield code='b'>: ports.</subfield>
      </datafield>
      <datafield ind1=' ' ind2=' ' tag='500'>
        <subfield code='a'>Oration of Hon. G.W. Curtis, delivered at the dedication of the statue to Major-General Sedgwick, West Point, October 21, 1868; v. 2, p. 183-216.</subfield>
      </datafield>
      <datafield ind1=' ' ind2=' ' tag='500'>
        <subfield code='a'>&quot;This copy of the &apos;Correspondence of Major-General John Sedgwick&apos; is one of an edition of three hundred copies printed at the De Vinne Press, on handmade paper, from type ... &quot; This copy not numbered.</subfield>
      </datafield>
      <datafield ind1=' ' ind2=' ' tag='500'>
        <subfield code='a'>Covers period 1846-1864.</subfield>
      </datafield>
      <datafield ind1='1' ind2=' ' tag='506'>
        <subfield code='a'>Access limited to UNC Chapel Hill-authenticated users.</subfield>
        <subfield code='f'>Unlimited simultaneous users</subfield>
      </datafield>
      <datafield ind1='1' ind2='0' tag='600'>
        <subfield code='a'>Sedgwick, John,</subfield>
        <subfield code='d'>1813-1864.</subfield>
      </datafield>
      <datafield ind1=' ' ind2='0' tag='650'>
        <subfield code='a'>Mexican War, 1846-1848</subfield>
        <subfield code='v'>Personal narratives.</subfield>
      </datafield>
      <datafield ind1=' ' ind2='0' tag='651'>
        <subfield code='a'>United States</subfield>
        <subfield code='x'>History</subfield>
        <subfield code='y'>Civil War, 1861-1865</subfield>
        <subfield code='v'>Personal narratives.</subfield>
      </datafield>
      <datafield ind1='1' ind2=' ' tag='700'>
        <subfield code='a'>Curtis, George William,</subfield>
        <subfield code='d'>1824-1892.</subfield>
      </datafield>
      <datafield ind1='0' ind2=' ' tag='773'>
        <subfield code='t'>Accessible Archives (online collection). The Civil War: the general&apos;s perspective</subfield>
      </datafield>
      <datafield ind1='4' ind2='0' tag='856'>
        <subfield code='u'>http://libproxy.lib.unc.edu/login?url=http://www.accessible.com/accessible/preLog?Browse=B00002757</subfield>
        <subfield code='y'>Full text available via the UNC-Chapel Hill Libraries</subfield>
        <subfield code='x'>Accessible Archives</subfield>
      </datafield>
      <datafield ind1=' ' ind2=' ' tag='907'>
        <subfield code='a'>b7460016</subfield>
      </datafield>
  </record>