
  <record>
    <leader>00000nam a2200265Ia 4500</leader>
      <controlfield tag='008'>080128s1923    nyuaf   r     000 1 eng d</controlfield>
      <controlfield tag='001'>191518263</controlfield>
      <controlfield tag='003'>OCoLC</controlfield>
      <controlfield tag='005'>20080128110327.0</controlfield>
      <datafield ind1=' ' ind2=' ' tag='035'>
        <subfield code='a'>(OCoLC)191518263</subfield>
      </datafield>
      <datafield ind1=' ' ind2=' ' tag='040'>
        <subfield code='a'>NOC</subfield>
        <subfield code='c'>NOC</subfield>
      </datafield>
      <datafield ind1=' ' ind2=' ' tag='049'>
        <subfield code='a'>NOCC</subfield>
      </datafield>
      <datafield ind1='1' ind2=' ' tag='100'>
        <subfield code='a'>Green, Anna Katharine,</subfield>
        <subfield code='d'>1846-1935.</subfield>
      </datafield>
      <datafield ind1='1' ind2='4' tag='245'>
        <subfield code='a'>The step on the stair /</subfield>
        <subfield code='c'>by Anna Katharine Green.</subfield>
      </datafield>
      <datafield ind1=' ' ind2=' ' tag='260'>
        <subfield code='a'>New York :</subfield>
        <subfield code='b'>Dodd, Mead,</subfield>
        <subfield code='c'>1923.</subfield>
      </datafield>
      <datafield ind1=' ' ind2=' ' tag='300'>
        <subfield code='a'>380 p., [1] leaf of plates :</subfield>
        <subfield code='b'>ill. ;</subfield>
        <subfield code='c'>20 cm.</subfield>
      </datafield>
      <datafield ind1=' ' ind2=' ' tag='533'>
        <subfield code='a'>Photocopy.</subfield>
        <subfield code='b'>[Chapel Hill :</subfield>
        <subfield code='c'>University Library Preservation Dept., University of North Carolina at Chapel Hill,</subfield>
        <subfield code='d'>2006?].</subfield>
        <subfield code='n'>Photocopy replacement of original on archival bond.</subfield>
        <subfield code='7'>s2006    ncun r</subfield>
      </datafield>
      <datafield ind1=' ' ind2='7' tag='655'>
        <subfield code='a'>Detective and mystery stories.</subfield>
        <subfield code='2'>lcgft</subfield>
      </datafield>
      <datafield ind1=' ' ind2=' ' tag='907'>
        <subfield code='a'>b5330814</subfield>
      </datafield>
      <datafield ind1='9' ind2='1' tag='999'>
        <subfield code='i'>i7039092</subfield>
        <subfield code='l'>ddda</subfield>
        <subfield code='s'>-</subfield>
        <subfield code='t'>0</subfield>
        <subfield code='c'>1</subfield>
        <subfield code='o'>0</subfield>
        <subfield code='b'>00030508781</subfield>
        <subfield code='p'>090</subfield>
        <subfield code='q'>|aPS2732|b.S74 1923a</subfield>
        <subfield code='n'>2nd printing, 1923</subfield>
      </datafield>
  </record>