
  <record>
    <leader>00000cam  2200301Ia 4500</leader>
      <controlfield tag='008'>821202s1982    ilua         f001 0 eng d</controlfield>
      <controlfield tag='001'>9008982</controlfield>
      <controlfield tag='003'>OCoLC</controlfield>
      <controlfield tag='005'>20121114152858.0</controlfield>
      <datafield ind1=' ' ind2=' ' tag='035'>
        <subfield code='a'>(OCoLC)9008982</subfield>
      </datafield>
      <datafield ind1=' ' ind2=' ' tag='040'>
        <subfield code='a'>AGB</subfield>
        <subfield code='c'>AGB</subfield>
        <subfield code='d'>GPO</subfield>
        <subfield code='d'>OCLCQ</subfield>
        <subfield code='d'>MTG</subfield>
        <subfield code='d'>GPO</subfield>
        <subfield code='d'>MvI</subfield>
      </datafield>
      <datafield ind1=' ' ind2=' ' tag='074'>
        <subfield code='a'>0011-C</subfield>
      </datafield>
      <datafield ind1='0' ind2=' ' tag='086'>
        <subfield code='a'>A 1.11/3:F 73</subfield>
        <subfield code='z'>A 1.11/3:D 56</subfield>
      </datafield>
      <datafield ind1='0' ind2='0' tag='245'>
        <subfield code='a'>Getting down to basics :</subfield>
        <subfield code='b'>a dieter&apos;s guide plus 42 great recipes.</subfield>
      </datafield>
      <datafield ind1=' ' ind2=' ' tag='260'>
        <subfield code='a'>[Chicago, Ill.] :</subfield>
        <subfield code='b'>American Dietetic Association in cooperation with the U.S. Dept. of Agriculture,</subfield>
        <subfield code='c'>[1982]</subfield>
      </datafield>
      <datafield ind1=' ' ind2=' ' tag='300'>
        <subfield code='a'>48 p. :</subfield>
        <subfield code='b'>ill. (some col.) ;</subfield>
        <subfield code='c'>28 cm.</subfield>
      </datafield>
      <datafield ind1=' ' ind2=' ' tag='500'>
        <subfield code='a'>Cover title.</subfield>
      </datafield>
      <datafield ind1=' ' ind2=' ' tag='500'>
        <subfield code='a'>Includes index.</subfield>
      </datafield>
      <datafield ind1=' ' ind2='0' tag='650'>
        <subfield code='a'>Weight loss preparations.</subfield>
      </datafield>
      <datafield ind1=' ' ind2='0' tag='650'>
        <subfield code='a'>Low-calorie diet</subfield>
        <subfield code='v'>Recipes.</subfield>
      </datafield>
      <datafield ind1='2' ind2=' ' tag='710'>
        <subfield code='a'>American Dietetic Association.</subfield>
      </datafield>
      <datafield ind1='1' ind2=' ' tag='710'>
        <subfield code='a'>United States.</subfield>
        <subfield code='b'>Department of Agriculture.</subfield>
      </datafield>
      <datafield ind1='0' ind2='8' tag='776'>
        <subfield code='i'>Online version:</subfield>
        <subfield code='t'>Getting down to basics.</subfield>
        <subfield code='d'>[Chicago, Ill.] : American Dietetic Association in cooperation with the U.S. Dept. of Agriculture, [1982]</subfield>
        <subfield code='w'>(OCoLC)623303531</subfield>
      </datafield>
      <datafield ind1=' ' ind2='0' tag='830'>
        <subfield code='a'>Food (Chicago, Ill.) ;</subfield>
        <subfield code='v'>2.</subfield>
      </datafield>
      <datafield ind1=' ' ind2=' ' tag='907'>
        <subfield code='a'>b3345721</subfield>
      </datafield>
      <datafield ind1='9' ind2='1' tag='999'>
        <subfield code='i'>i4760341</subfield>
        <subfield code='l'>dcpf</subfield>
        <subfield code='s'>-</subfield>
        <subfield code='t'>20</subfield>
        <subfield code='c'>1</subfield>
        <subfield code='o'>0</subfield>
        <subfield code='b'>HAYQ-4641-00001</subfield>
        <subfield code='p'>086</subfield>
        <subfield code='q'>|aA 1.11/3:F 73</subfield>
      </datafield>
  </record>