
  <record>
    <leader>00000cam a2200517 i 4500</leader>
      <controlfield tag='008'>160318s2016    ilua     b    001 0 eng c</controlfield>
      <controlfield tag='001'>944087655</controlfield>
      <controlfield tag='003'>OCoLC</controlfield>
      <controlfield tag='005'>20170323025907.0</controlfield>
      <datafield ind1=' ' ind2=' ' tag='010'>
        <subfield code='a'>2016013247</subfield>
      </datafield>
      <datafield ind1=' ' ind2=' ' tag='020'>
        <subfield code='a'>9780226070766</subfield>
        <subfield code='q'>(cloth ;</subfield>
        <subfield code='q'>alk. paper)</subfield>
      </datafield>
      <datafield ind1=' ' ind2=' ' tag='020'>
        <subfield code='a'>022607076X</subfield>
        <subfield code='q'>(cloth ;</subfield>
        <subfield code='q'>alk. paper)</subfield>
      </datafield>
      <datafield ind1=' ' ind2=' ' tag='020'>
        <subfield code='z'>9780226401430</subfield>
        <subfield code='q'>(e-book)</subfield>
      </datafield>
      <datafield ind1='8' ind2=' ' tag='024'>
        <subfield code='a'>40026578596</subfield>
      </datafield>
      <datafield ind1=' ' ind2=' ' tag='035'>
        <subfield code='a'>(OCoLC)944087655</subfield>
      </datafield>
      <datafield ind1=' ' ind2=' ' tag='040'>
        <subfield code='a'>ICU/DLC</subfield>
        <subfield code='b'>eng</subfield>
        <subfield code='e'>rda</subfield>
        <subfield code='c'>CGU</subfield>
        <subfield code='d'>DLC</subfield>
        <subfield code='d'>BTCTA</subfield>
        <subfield code='d'>YDXCP</subfield>
        <subfield code='d'>BDX</subfield>
        <subfield code='d'>OCLCF</subfield>
        <subfield code='d'>YDX</subfield>
        <subfield code='d'>VP@</subfield>
        <subfield code='d'>YUS</subfield>
        <subfield code='d'>CZA</subfield>
        <subfield code='d'>CLU</subfield>
        <subfield code='d'>OCLCQ</subfield>
        <subfield code='d'>ITD</subfield>
      </datafield>
      <datafield ind1=' ' ind2=' ' tag='042'>
        <subfield code='a'>pcc</subfield>
      </datafield>
      <datafield ind1='0' ind2='0' tag='050'>
        <subfield code='a'>BF315</subfield>
        <subfield code='b'>.E84 2016</subfield>
      </datafield>
      <datafield ind1='0' ind2='0' tag='082'>
        <subfield code='a'>154.2</subfield>
        <subfield code='2'>23</subfield>
      </datafield>
      <datafield ind1='1' ind2=' ' tag='100'>
        <subfield code='a'>Everett, Daniel Leonard,</subfield>
        <subfield code='e'>author.</subfield>
      </datafield>
      <datafield ind1='1' ind2='0' tag='245'>
        <subfield code='a'>Dark matter of the mind :</subfield>
        <subfield code='b'>the culturally articulated unconscious /</subfield>
        <subfield code='c'>Daniel L. Everett.</subfield>
      </datafield>
      <datafield ind1=' ' ind2='1' tag='264'>
        <subfield code='a'>Chicago ;</subfield>
        <subfield code='a'>London :</subfield>
        <subfield code='b'>The University of Chicago Press,</subfield>
        <subfield code='c'>2016.</subfield>
      </datafield>
      <datafield ind1=' ' ind2=' ' tag='300'>
        <subfield code='a'>xvi, 378 pages :</subfield>
        <subfield code='b'>illustrations ;</subfield>
        <subfield code='c'>24 cm</subfield>
      </datafield>
      <datafield ind1=' ' ind2=' ' tag='336'>
        <subfield code='a'>text</subfield>
        <subfield code='b'>txt</subfield>
        <subfield code='2'>rdacontent</subfield>
      </datafield>
      <datafield ind1=' ' ind2=' ' tag='337'>
        <subfield code='a'>unmediated</subfield>
        <subfield code='b'>n</subfield>
        <subfield code='2'>rdamedia</subfield>
      </datafield>
      <datafield ind1=' ' ind2=' ' tag='338'>
        <subfield code='a'>volume</subfield>
        <subfield code='b'>nc</subfield>
        <subfield code='2'>rdacarrier</subfield>
      </datafield>
      <datafield ind1=' ' ind2=' ' tag='504'>
        <subfield code='a'>Includes bibliographical references (pages 345-365) and index.</subfield>
      </datafield>
      <datafield ind1='0' ind2='0' tag='505'>
        <subfield code='g'>Part 1.</subfield>
        <subfield code='t'>Dark matter and culture.</subfield>
        <subfield code='t'>The nature and pedigree of dark matter --</subfield>
        <subfield code='t'>The ranked-value theory of culture --</subfield>
        <subfield code='t'>The ontogenesis and construction of dark matter --</subfield>
        <subfield code='t'>Dark matter as hermeneutics --</subfield>
        <subfield code='g'>Part 2.</subfield>
        <subfield code='t'>Dark matter and language.</subfield>
        <subfield code='t'>The presupposed dark matter of texts --</subfield>
        <subfield code='t'>The dark matter of grammar --</subfield>
        <subfield code='t'>Gestures, culture, and homesigns --</subfield>
        <subfield code='t'>Dark matter confrontations in translation --</subfield>
        <subfield code='g'>Part 3.</subfield>
        <subfield code='t'>Implications.</subfield>
        <subfield code='t'>Beyond instincts --</subfield>
        <subfield code='t'>Beyond human nature.</subfield>
      </datafield>
      <datafield ind1=' ' ind2='0' tag='650'>
        <subfield code='a'>Subconsciousness.</subfield>
      </datafield>
      <datafield ind1=' ' ind2='0' tag='650'>
        <subfield code='a'>Knowledge, Theory of.</subfield>
      </datafield>
      <datafield ind1=' ' ind2='0' tag='650'>
        <subfield code='a'>Context effects (Psychology)</subfield>
      </datafield>
      <datafield ind1=' ' ind2='0' tag='650'>
        <subfield code='a'>Cognition and culture.</subfield>
      </datafield>
      <datafield ind1=' ' ind2='0' tag='650'>
        <subfield code='a'>Language and culture.</subfield>
      </datafield>
      <datafield ind1=' ' ind2='0' tag='650'>
        <subfield code='a'>Philosophical anthropology.</subfield>
      </datafield>
      <datafield ind1=' ' ind2='7' tag='650'>
        <subfield code='a'>Cognition and culture.</subfield>
        <subfield code='2'>fast</subfield>
        <subfield code='0'>(OCoLC)fst00866482</subfield>
      </datafield>
      <datafield ind1=' ' ind2='7' tag='650'>
        <subfield code='a'>Context effects (Psychology)</subfield>
        <subfield code='2'>fast</subfield>
        <subfield code='0'>(OCoLC)fst00876662</subfield>
      </datafield>
      <datafield ind1=' ' ind2='7' tag='650'>
        <subfield code='a'>Knowledge, Theory of.</subfield>
        <subfield code='2'>fast</subfield>
        <subfield code='0'>(OCoLC)fst00988194</subfield>
      </datafield>
      <datafield ind1=' ' ind2='7' tag='650'>
        <subfield code='a'>Language and culture.</subfield>
        <subfield code='2'>fast</subfield>
        <subfield code='0'>(OCoLC)fst00992135</subfield>
      </datafield>
      <datafield ind1=' ' ind2='7' tag='650'>
        <subfield code='a'>Philosophical anthropology.</subfield>
        <subfield code='2'>fast</subfield>
        <subfield code='0'>(OCoLC)fst01060766</subfield>
      </datafield>
      <datafield ind1=' ' ind2='7' tag='650'>
        <subfield code='a'>Subconsciousness.</subfield>
        <subfield code='2'>fast</subfield>
        <subfield code='0'>(OCoLC)fst01136406</subfield>
      </datafield>
      <datafield ind1=' ' ind2=' ' tag='907'>
        <subfield code='a'>b8779048</subfield>
      </datafield>
      <datafield ind1='9' ind2='1' tag='999'>
        <subfield code='i'>i11318058</subfield>
        <subfield code='l'>ddda</subfield>
        <subfield code='s'>-</subfield>
        <subfield code='t'>0</subfield>
        <subfield code='c'>1</subfield>
        <subfield code='o'>2</subfield>
        <subfield code='b'>00050913948</subfield>
        <subfield code='p'>050</subfield>
        <subfield code='q'>|aBF315|b.E84 2016</subfield>
      </datafield>
  </record>