
  <record>
    <leader>00000cam  2200265Ia 4500</leader>
      <controlfield tag='008'>880223s1988    nyua     b    000 0 eng d</controlfield>
      <controlfield tag='001'>17500969</controlfield>
      <controlfield tag='005'>19900215122348.9</controlfield>
      <datafield ind1=' ' ind2=' ' tag='040'>
        <subfield code='a'>HHS</subfield>
        <subfield code='c'>HHS</subfield>
        <subfield code='d'>NDO</subfield>
      </datafield>
      <datafield ind1='0' ind2='0' tag='245'>
        <subfield code='a'>New financial instruments, 1988 /</subfield>
        <subfield code='c'>Gregory K. Palm, chairman.</subfield>
      </datafield>
      <datafield ind1=' ' ind2=' ' tag='260'>
        <subfield code='a'>New York, N.Y. (810 7th Ave., New York 10019) :</subfield>
        <subfield code='b'>Practising Law Institute,</subfield>
        <subfield code='c'>c1988.</subfield>
      </datafield>
      <datafield ind1=' ' ind2=' ' tag='300'>
        <subfield code='a'>1048 p. :</subfield>
        <subfield code='b'>ill. ;</subfield>
        <subfield code='c'>22 cm.</subfield>
      </datafield>
      <datafield ind1=' ' ind2=' ' tag='500'>
        <subfield code='a'>&quot;Prepared for distribution at the New financial instruments program, February 1988&quot;--P. 5.</subfield>
      </datafield>
      <datafield ind1=' ' ind2=' ' tag='500'>
        <subfield code='a'>&quot;B4-6820.&quot;</subfield>
      </datafield>
      <datafield ind1=' ' ind2=' ' tag='504'>
        <subfield code='a'>Includes bibliographical references.</subfield>
      </datafield>
      <datafield ind1=' ' ind2='0' tag='650'>
        <subfield code='a'>Options (Finance)</subfield>
        <subfield code='x'>Law and legislation</subfield>
        <subfield code='z'>United States.</subfield>
      </datafield>
      <datafield ind1=' ' ind2='0' tag='650'>
        <subfield code='a'>Interest rate futures</subfield>
        <subfield code='x'>Law and legislation</subfield>
        <subfield code='z'>United States.</subfield>
      </datafield>
      <datafield ind1=' ' ind2='0' tag='650'>
        <subfield code='a'>Foreign exchange futures</subfield>
        <subfield code='x'>Law and legislation</subfield>
        <subfield code='z'>United States.</subfield>
      </datafield>
      <datafield ind1='1' ind2=' ' tag='700'>
        <subfield code='a'>Palm, Gregory K.</subfield>
      </datafield>
      <datafield ind1='2' ind2=' ' tag='710'>
        <subfield code='a'>Practising Law Institute.</subfield>
      </datafield>
      <datafield ind1=' ' ind2='0' tag='830'>
        <subfield code='a'>Corporate law and practice course handbook series ;</subfield>
        <subfield code='v'>no. 590.</subfield>
      </datafield>
      <datafield ind1=' ' ind2=' ' tag='907'>
        <subfield code='a'>b2233341</subfield>
      </datafield>
      <datafield ind1='9' ind2='1' tag='999'>
        <subfield code='i'>i3215917</subfield>
        <subfield code='l'>ksta</subfield>
        <subfield code='s'>-</subfield>
        <subfield code='t'>0</subfield>
        <subfield code='c'>1</subfield>
        <subfield code='o'>0</subfield>
        <subfield code='b'>L00043964Q</subfield>
        <subfield code='p'>090</subfield>
        <subfield code='q'>|aKF1428.Z9 N48 1988</subfield>
      </datafield>
  </record>