
  <record>
    <leader>00000nam  2200253   4500</leader>
      <controlfield tag='008'>791208s1790||||enk|||||a|||||00| ||eng|d</controlfield>
      <controlfield tag='001'>M-ESTCT89942</controlfield>
      <controlfield tag='005'>19980904115347.0</controlfield>
      <datafield ind1=' ' ind2=' ' tag='040'>
        <subfield code='a'>Uk-ES</subfield>
        <subfield code='c'>Uk-ES</subfield>
        <subfield code='d'>CStRLIN</subfield>
        <subfield code='d'>ResP</subfield>
      </datafield>
      <datafield ind1='1' ind2=' ' tag='100'>
        <subfield code='a'>Cooke, John,</subfield>
        <subfield code='d'>1738-1823.</subfield>
      </datafield>
      <datafield ind1='1' ind2='0' tag='240'>
        <subfield code='a'>Historical account of the Royal Hospital for Seamen at Greenwich.</subfield>
        <subfield code='k'>Selections</subfield>
      </datafield>
      <datafield ind1='1' ind2='2' tag='245'>
        <subfield code='a'>A concise description of the Royal Hospital for Seamen at Greenwich. Extracted from the historical account published by the chaplains.</subfield>
      </datafield>
      <datafield ind1=' ' ind2=' ' tag='260'>
        <subfield code='a'>[London] :</subfield>
        <subfield code='b'>Sold only at the hospital,</subfield>
        <subfield code='c'>[1790?]</subfield>
      </datafield>
      <datafield ind1=' ' ind2=' ' tag='300'>
        <subfield code='a'>[2],40p.,table ;</subfield>
        <subfield code='c'>8̕.</subfield>
      </datafield>
      <datafield ind1=' ' ind2=' ' tag='500'>
        <subfield code='a'>The chaplains = John Cooke and John Maule.</subfield>
      </datafield>
      <datafield ind1=' ' ind2=' ' tag='533'>
        <subfield code='a'>Microfilm.</subfield>
        <subfield code='b'>Woodbridge, CT</subfield>
        <subfield code='c'>Research Publications, Inc.,</subfield>
        <subfield code='d'>1983.</subfield>
        <subfield code='e'>1 reel ; 35mm.</subfield>
        <subfield code='f'>(The Eighteenth Century ; reel 787, no. 12).</subfield>
      </datafield>
      <datafield ind1=' ' ind2=' ' tag='533'>
        <subfield code='a'>Microfilm.</subfield>
        <subfield code='b'>Woodbridge, CT</subfield>
        <subfield code='c'>Research Publications, Inc.,</subfield>
        <subfield code='d'>1991.</subfield>
        <subfield code='e'>1 reel ; 35mm.</subfield>
        <subfield code='f'>(The Eighteenth Century ; reel 8313, no.04).</subfield>
      </datafield>
      <datafield ind1='1' ind2=' ' tag='700'>
        <subfield code='a'>Maule, John,</subfield>
        <subfield code='d'>1748-1825.</subfield>
      </datafield>
      <datafield ind1=' ' ind2='0' tag='830'>
        <subfield code='a'>Eighteenth century ;</subfield>
        <subfield code='v'>reel 787, no. 12.</subfield>
      </datafield>
      <datafield ind1=' ' ind2='0' tag='830'>
        <subfield code='a'>Eighteenth century ;</subfield>
        <subfield code='v'>reel 8313, no. 04.</subfield>
      </datafield>
      <datafield ind1=' ' ind2=' ' tag='907'>
        <subfield code='a'>b3897800</subfield>
      </datafield>
      <datafield ind1='9' ind2='1' tag='999'>
        <subfield code='i'>i5380396</subfield>
        <subfield code='l'>dgdaa</subfield>
        <subfield code='s'>-</subfield>
        <subfield code='t'>28</subfield>
        <subfield code='c'>1</subfield>
        <subfield code='o'>0</subfield>
        <subfield code='b'>HBDL-2952-00001</subfield>
        <subfield code='p'>099</subfield>
        <subfield code='q'>|a1-2586 reel 787, no. 12</subfield>
      </datafield>
  </record>