
  <record>
    <leader>00000cam  2200133Ii 4500</leader>
      <controlfield tag='008'>790301s1936    cl            000 0 spa d</controlfield>
      <controlfield tag='001'>4704324</controlfield>
      <controlfield tag='005'>19790630000000.0</controlfield>
      <datafield ind1=' ' ind2=' ' tag='040'>
        <subfield code='a'>NOC</subfield>
        <subfield code='c'>NOC</subfield>
      </datafield>
      <datafield ind1='1' ind2=' ' tag='100'>
        <subfield code='a'>Negro, Juan,</subfield>
        <subfield code='d'>1906-</subfield>
      </datafield>
      <datafield ind1='1' ind2='0' tag='245'>
        <subfield code='a'>Mensaje de poesía /</subfield>
        <subfield code='c'>Juan Negro.</subfield>
      </datafield>
      <datafield ind1=' ' ind2=' ' tag='260'>
        <subfield code='a'>Santiago :</subfield>
        <subfield code='b'>Artes y Letras,</subfield>
        <subfield code='c'>1936.</subfield>
      </datafield>
      <datafield ind1=' ' ind2=' ' tag='300'>
        <subfield code='a'>38 p. ;</subfield>
        <subfield code='c'>27 cm.</subfield>
      </datafield>
      <datafield ind1=' ' ind2=' ' tag='907'>
        <subfield code='a'>b1594220</subfield>
      </datafield>
      <datafield ind1='9' ind2='1' tag='999'>
        <subfield code='i'>i2262611</subfield>
        <subfield code='l'>trln</subfield>
        <subfield code='s'>-</subfield>
        <subfield code='t'>0</subfield>
        <subfield code='c'>1</subfield>
        <subfield code='o'>0</subfield>
        <subfield code='b'>00039975633</subfield>
        <subfield code='p'>090</subfield>
        <subfield code='q'>|aPQ8097.N32 M4</subfield>
      </datafield>
  </record>