
  <record>
    <leader>00000cam  22004334a 4500</leader>
      <controlfield tag='008'>060413s2006    enka     b    001 0 eng  </controlfield>
      <controlfield tag='001'>68133332</controlfield>
      <controlfield tag='003'>OCoLC</controlfield>
      <controlfield tag='005'>20070629105455.0</controlfield>
      <datafield ind1=' ' ind2=' ' tag='010'>
        <subfield code='a'>2006045373</subfield>
      </datafield>
      <datafield ind1=' ' ind2=' ' tag='015'>
        <subfield code='a'>GBA657153</subfield>
        <subfield code='2'>bnb</subfield>
      </datafield>
      <datafield ind1='7' ind2=' ' tag='016'>
        <subfield code='a'>013499508</subfield>
        <subfield code='2'>Uk</subfield>
      </datafield>
      <datafield ind1=' ' ind2=' ' tag='020'>
        <subfield code='a'>0230006892 (hbk.)</subfield>
      </datafield>
      <datafield ind1=' ' ind2=' ' tag='020'>
        <subfield code='a'>9780230006898 (hbk.)</subfield>
      </datafield>
      <datafield ind1=' ' ind2=' ' tag='035'>
        <subfield code='a'>(OCoLC)68133332</subfield>
      </datafield>
      <datafield ind1=' ' ind2=' ' tag='040'>
        <subfield code='a'>DLC</subfield>
        <subfield code='c'>DLC</subfield>
        <subfield code='d'>NLGGC</subfield>
        <subfield code='d'>BAKER</subfield>
        <subfield code='d'>BWKUK</subfield>
        <subfield code='d'>YDXCP</subfield>
        <subfield code='d'>UKM</subfield>
        <subfield code='d'>YUS</subfield>
        <subfield code='d'>COO</subfield>
        <subfield code='d'>UBY</subfield>
      </datafield>
      <datafield ind1=' ' ind2=' ' tag='042'>
        <subfield code='a'>pcc</subfield>
      </datafield>
      <datafield ind1=' ' ind2=' ' tag='049'>
        <subfield code='a'>NOCC</subfield>
      </datafield>
      <datafield ind1='0' ind2='0' tag='050'>
        <subfield code='a'>HD59</subfield>
        <subfield code='b'>.I5577 2006</subfield>
      </datafield>
      <datafield ind1='0' ind2='0' tag='082'>
        <subfield code='a'>338.7/4</subfield>
        <subfield code='2'>22</subfield>
      </datafield>
      <datafield ind1='0' ind2='0' tag='245'>
        <subfield code='a'>Inside the mind of the stakeholder :</subfield>
        <subfield code='b'>the hype behind stakeholder pressure /</subfield>
        <subfield code='c'>edited by Ulrich Steger.</subfield>
      </datafield>
      <datafield ind1=' ' ind2=' ' tag='260'>
        <subfield code='a'>Basingstoke [England] ;</subfield>
        <subfield code='a'>New York :</subfield>
        <subfield code='b'>Palgrave Macmillan,</subfield>
        <subfield code='c'>2006.</subfield>
      </datafield>
      <datafield ind1=' ' ind2=' ' tag='300'>
        <subfield code='a'>xxxi, 318 p. :</subfield>
        <subfield code='b'>ill. ;</subfield>
        <subfield code='c'>23 cm.</subfield>
      </datafield>
      <datafield ind1=' ' ind2=' ' tag='500'>
        <subfield code='a'>Includes index.</subfield>
      </datafield>
      <datafield ind1=' ' ind2=' ' tag='504'>
        <subfield code='a'>Includes bibliographical references and index.</subfield>
      </datafield>
      <datafield ind1='0' ind2=' ' tag='505'>
        <subfield code='a'>Executive summary : inside the mind of the stakeholder / Ulrich Steger -- Stakeholders and corporate sustainability : an overview -- The hype behind stakeholder pressure / Ulrich Steger -- Getting into the minds of stakeholders : framework and methodology -- Stakeholder dynamics -- Stakeholders and corporate sustainability -- What is it with stakeholder pressure? -- Stakeholder reports -- Financial institutions : corporate sustainability as a significant niche? / Alexander Nick -- Cities and communities : local players in corporate sustainability / Oliver Salzmann, Jens Prinzhorn -- Governments : the challenge of addressing corporate sustainability at the macro level / Fabian Baptist -- NGOs : catalysts of corporate sustainability / Jens Prinzhorn, Oliver Salzmann -- Consumer organizations : aligning corporate sustainability and consumer interest -- Aileen Ionescu-Somers -- Media : indifferent observers of corporate sustainability / Simon Tywuschik -- Corporate customers and suppliers : how companies influence other companies on corporate sustainability / Aileen Ionescu-Somers -- Unions : on the backseat of corporate sustainability / Oliver Salzmann, Jens Prinzhorn.</subfield>
      </datafield>
      <datafield ind1=' ' ind2='0' tag='650'>
        <subfield code='a'>Corporations</subfield>
        <subfield code='x'>Public relations.</subfield>
      </datafield>
      <datafield ind1=' ' ind2='0' tag='650'>
        <subfield code='a'>Sustainable development.</subfield>
      </datafield>
      <datafield ind1=' ' ind2='0' tag='650'>
        <subfield code='a'>Social responsibility of business.</subfield>
      </datafield>
      <datafield ind1=' ' ind2='0' tag='650'>
        <subfield code='a'>Pressure groups.</subfield>
      </datafield>
      <datafield ind1='1' ind2=' ' tag='700'>
        <subfield code='a'>Steger, Ulrich.</subfield>
      </datafield>
      <datafield ind1='4' ind2='8' tag='856'>
        <subfield code='3'>Table of contents only</subfield>
        <subfield code='u'>http://www.loc.gov/catdir/enhancements/fy0703/2006045373-t.html</subfield>
      </datafield>
      <datafield ind1=' ' ind2=' ' tag='907'>
        <subfield code='a'>b5161564</subfield>
      </datafield>
      <datafield ind1='9' ind2='1' tag='999'>
        <subfield code='i'>i6833289</subfield>
        <subfield code='l'>ddda</subfield>
        <subfield code='s'>-</subfield>
        <subfield code='t'>0</subfield>
        <subfield code='c'>1</subfield>
        <subfield code='o'>2</subfield>
        <subfield code='b'>00028696251</subfield>
        <subfield code='p'>050</subfield>
        <subfield code='q'>|aHD59|b.I5577 2006</subfield>
      </datafield>
  </record>