
  <record>
    <leader>00000nam  2200313Ia 4500</leader>
      <controlfield tag='006'>m        d f</controlfield>
      <controlfield tag='008'>090102s1997    dcua    s    f000 0 eng d</controlfield>
      <controlfield tag='007'>cr mn|||||||||</controlfield>
      <controlfield tag='001'>295058830</controlfield>
      <controlfield tag='003'>OCoLC</controlfield>
      <controlfield tag='005'>20090102104734.0</controlfield>
      <datafield ind1=' ' ind2=' ' tag='040'>
        <subfield code='a'>GPO</subfield>
        <subfield code='c'>GPO</subfield>
        <subfield code='d'>MvI</subfield>
      </datafield>
      <datafield ind1=' ' ind2=' ' tag='074'>
        <subfield code='a'>0431-A-27 (online)</subfield>
      </datafield>
      <datafield ind1='0' ind2=' ' tag='086'>
        <subfield code='a'>TD 4.8/5:61-126</subfield>
      </datafield>
      <datafield ind1='1' ind2=' ' tag='110'>
        <subfield code='a'>United States.</subfield>
        <subfield code='b'>Federal Aviation Administration.</subfield>
      </datafield>
      <datafield ind1='1' ind2='0' tag='245'>
        <subfield code='a'>Qualification and approval of personal computer-based aviation training devices</subfield>
        <subfield code='h'>[electronic resource].</subfield>
      </datafield>
      <datafield ind1=' ' ind2=' ' tag='260'>
        <subfield code='a'>[Washington, D.C.] :</subfield>
        <subfield code='b'>U.S. Dept. of Transportation, Federal Aviation Administration,</subfield>
        <subfield code='c'>[1997]</subfield>
      </datafield>
      <datafield ind1=' ' ind2=' ' tag='300'>
        <subfield code='a'>11 p. :</subfield>
        <subfield code='b'>digital, PDF file.</subfield>
      </datafield>
      <datafield ind1=' ' ind2=' ' tag='500'>
        <subfield code='a'>&quot;5/12/97.&quot;</subfield>
      </datafield>
      <datafield ind1=' ' ind2=' ' tag='500'>
        <subfield code='a'>Title from PDF file caption (viewed Jan. 2, 2009).</subfield>
      </datafield>
      <datafield ind1=' ' ind2=' ' tag='538'>
        <subfield code='a'>Mode of access: Internet at the FAA web site. Address as of 1/2/09: http://www.airweb.faa.gov/Regulatory%5Fand%5FGuidance%5FLibrary/rgAdvisoryCircular.nsf/0/d0d8cda61e05eb90862569ba0052b8f6/$FILE/ATTX7OJX/AC61-126.pdf ; current access available via PURL.</subfield>
      </datafield>
      <datafield ind1=' ' ind2='0' tag='650'>
        <subfield code='a'>Flight training</subfield>
        <subfield code='x'>Computer-assisted instruction.</subfield>
      </datafield>
      <datafield ind1='0' ind2=' ' tag='776'>
        <subfield code='a'>United States. Federal Aviation Administration.</subfield>
        <subfield code='t'>Qualification and approval of personal computer-based aviation training devices</subfield>
        <subfield code='h'>4, 7 p.</subfield>
        <subfield code='w'>(OCoLC)38236106</subfield>
      </datafield>
      <datafield ind1='1' ind2=' ' tag='810'>
        <subfield code='a'>United States.</subfield>
        <subfield code='b'>Federal Aviation Administration.</subfield>
        <subfield code='t'>Advisory circular ;</subfield>
        <subfield code='v'>AC 61-126.</subfield>
      </datafield>
      <datafield ind1='4' ind2='0' tag='856'>
        <subfield code='u'>http://purl.access.gpo.gov/GPO/LPS107018</subfield>
      </datafield>
      <datafield ind1=' ' ind2=' ' tag='919'>
        <subfield code='a'>dwsgpo</subfield>
      </datafield>
      <datafield ind1=' ' ind2=' ' tag='907'>
        <subfield code='a'>b5887608</subfield>
      </datafield>
  </record>