
  <record>
    <leader>00000cam a2200301Ma 4500</leader>
      <controlfield tag='006'>m     o  d</controlfield>
      <controlfield tag='008'>060112s1842    enk     o     000 0 eng d</controlfield>
      <controlfield tag='007'>cr |n||||||||n</controlfield>
      <controlfield tag='001'>65273282momw</controlfield>
      <controlfield tag='003'>OCoLC</controlfield>
      <controlfield tag='005'>20071126070728.0</controlfield>
      <datafield ind1=' ' ind2=' ' tag='040'>
        <subfield code='a'>GMOME</subfield>
        <subfield code='c'>GMOME</subfield>
      </datafield>
      <datafield ind1=' ' ind2=' ' tag='043'>
        <subfield code='a'>e-uk---</subfield>
      </datafield>
      <datafield ind1='0' ind2='0' tag='245'>
        <subfield code='a'>Remarks on trade and credit</subfield>
        <subfield code='h'>[electronic resource] :</subfield>
        <subfield code='b'>originally published in January, 1840, now reprinted with corrections and additions.</subfield>
      </datafield>
      <datafield ind1=' ' ind2=' ' tag='260'>
        <subfield code='a'>London :</subfield>
        <subfield code='b'>E. Wilson,</subfield>
        <subfield code='c'>1842.</subfield>
      </datafield>
      <datafield ind1=' ' ind2=' ' tag='300'>
        <subfield code='a'>1 online resource (44 p.)</subfield>
      </datafield>
      <datafield ind1=' ' ind2=' ' tag='500'>
        <subfield code='a'>Reproduction of original from Goldsmiths&apos; Library, University of London.</subfield>
      </datafield>
      <datafield ind1=' ' ind2=' ' tag='500'>
        <subfield code='a'>Goldsmiths&apos;-Kress no. 32878.</subfield>
      </datafield>
      <datafield ind1='1' ind2=' ' tag='506'>
        <subfield code='a'>Access limited to UNC Chapel Hill-authenticated users.</subfield>
        <subfield code='f'>Unlimited simultaneous users</subfield>
      </datafield>
      <datafield ind1=' ' ind2='0' tag='650'>
        <subfield code='a'>Credit</subfield>
        <subfield code='z'>Great Britain.</subfield>
      </datafield>
      <datafield ind1=' ' ind2='0' tag='650'>
        <subfield code='a'>Acceptances.</subfield>
      </datafield>
      <datafield ind1=' ' ind2='0' tag='651'>
        <subfield code='a'>Great Britain</subfield>
        <subfield code='x'>Economic policy.</subfield>
      </datafield>
      <datafield ind1='0' ind2=' ' tag='773'>
        <subfield code='t'>Making of the modern world (online collection). Part 1. Ebooks</subfield>
      </datafield>
      <datafield ind1='4' ind2='0' tag='856'>
        <subfield code='u'>http://libproxy.lib.unc.edu/login?url=http://galenet.galegroup.com/servlet/MOME?af=RN&amp;ae=U106167520&amp;srchtp=a&amp;ste=14&amp;q=unc_main</subfield>
        <subfield code='y'>Full text available via the UNC-Chapel Hill Libraries</subfield>
        <subfield code='x'>Making of the Modern World</subfield>
      </datafield>
      <datafield ind1=' ' ind2=' ' tag='907'>
        <subfield code='a'>b7732755</subfield>
      </datafield>
  </record>