
  <record>
    <leader>00000cam  22002051i 4500</leader>
      <controlfield tag='008'>910909s1974    dk       b    000 0 dan  </controlfield>
      <controlfield tag='001'>8993920</controlfield>
      <controlfield tag='005'>19910909000000.0</controlfield>
      <datafield ind1=' ' ind2=' ' tag='010'>
        <subfield code='a'>75555675</subfield>
      </datafield>
      <datafield ind1=' ' ind2=' ' tag='020'>
        <subfield code='a'>8700894214 :</subfield>
        <subfield code='c'>kr69.00</subfield>
      </datafield>
      <datafield ind1=' ' ind2=' ' tag='040'>
        <subfield code='a'>DLC</subfield>
        <subfield code='c'>CGU</subfield>
        <subfield code='d'>DLC</subfield>
        <subfield code='d'>m.c.</subfield>
      </datafield>
      <datafield ind1='0' ind2='0' tag='050'>
        <subfield code='a'>PT8175.H367</subfield>
        <subfield code='b'>Z74 1974</subfield>
      </datafield>
      <datafield ind1='1' ind2=' ' tag='100'>
        <subfield code='a'>Jones, W. Glyn.</subfield>
      </datafield>
      <datafield ind1='1' ind2='0' tag='245'>
        <subfield code='a'>Færø og kosmos :</subfield>
        <subfield code='b'>en indføring i William Heinesens forfatterskab /</subfield>
        <subfield code='c'>W.Glyn Jones.</subfield>
      </datafield>
      <datafield ind1=' ' ind2=' ' tag='260'>
        <subfield code='a'>[København] :</subfield>
        <subfield code='b'>Gyldendal,</subfield>
        <subfield code='c'>1974.</subfield>
      </datafield>
      <datafield ind1=' ' ind2=' ' tag='300'>
        <subfield code='a'>258, [1] p. ;</subfield>
        <subfield code='c'>22 cm.</subfield>
      </datafield>
      <datafield ind1=' ' ind2=' ' tag='500'>
        <subfield code='a'>Rev. version of the author&apos;s William Heinesen.</subfield>
      </datafield>
      <datafield ind1=' ' ind2=' ' tag='504'>
        <subfield code='a'>Bibliography of works by and about W. Heinesen: p. 258-[259]</subfield>
      </datafield>
      <datafield ind1='1' ind2='0' tag='600'>
        <subfield code='a'>Heinesen, William,</subfield>
        <subfield code='d'>1900-1991.</subfield>
      </datafield>
      <datafield ind1=' ' ind2='0' tag='651'>
        <subfield code='a'>Faroe Islands.</subfield>
      </datafield>
      <datafield ind1=' ' ind2=' ' tag='907'>
        <subfield code='a'>b1860155</subfield>
      </datafield>
      <datafield ind1='9' ind2='1' tag='999'>
        <subfield code='i'>i2689937</subfield>
        <subfield code='l'>trln</subfield>
        <subfield code='s'>-</subfield>
        <subfield code='t'>0</subfield>
        <subfield code='c'>1</subfield>
        <subfield code='o'>1</subfield>
        <subfield code='b'>10002617161</subfield>
        <subfield code='p'>090</subfield>
        <subfield code='q'>|aPT8175.H367 Z74 1974</subfield>
      </datafield>
  </record>