
  <record>
    <leader>00000cam  2200193I  4500</leader>
      <controlfield tag='008'>880328s1964    njua          000 0 eng d</controlfield>
      <controlfield tag='001'>186719</controlfield>
      <controlfield tag='005'>19880615142728.5</controlfield>
      <datafield ind1=' ' ind2=' ' tag='010'>
        <subfield code='a'>64002116</subfield>
      </datafield>
      <datafield ind1=' ' ind2=' ' tag='040'>
        <subfield code='c'>WSU</subfield>
        <subfield code='d'>m.c.</subfield>
        <subfield code='d'>m/c</subfield>
      </datafield>
      <datafield ind1='1' ind2=' ' tag='100'>
        <subfield code='a'>Bowen, William G.</subfield>
      </datafield>
      <datafield ind1='1' ind2='0' tag='245'>
        <subfield code='a'>Economic aspects of education.</subfield>
      </datafield>
      <datafield ind1=' ' ind2=' ' tag='260'>
        <subfield code='b'>Industrial Relations Section, Dept. of Economics, Princeton University,</subfield>
        <subfield code='c'>1964.</subfield>
      </datafield>
      <datafield ind1=' ' ind2=' ' tag='300'>
        <subfield code='a'>122 p.</subfield>
        <subfield code='b'>diagrs.</subfield>
        <subfield code='c'>22 cm.</subfield>
      </datafield>
      <datafield ind1=' ' ind2=' ' tag='504'>
        <subfield code='a'>Bibliographical footnotes.</subfield>
      </datafield>
      <datafield ind1=' ' ind2='0' tag='650'>
        <subfield code='a'>Education</subfield>
        <subfield code='x'>Economic aspects.</subfield>
      </datafield>
      <datafield ind1=' ' ind2='0' tag='650'>
        <subfield code='a'>Universities and colleges</subfield>
        <subfield code='x'>Finance.</subfield>
      </datafield>
      <datafield ind1=' ' ind2='0' tag='830'>
        <subfield code='a'>Research report series (Princeton University. Industrial Relations Section) ;</subfield>
        <subfield code='v'>no. 104.</subfield>
      </datafield>
      <datafield ind1=' ' ind2=' ' tag='907'>
        <subfield code='a'>b1048037</subfield>
      </datafield>
      <datafield ind1='9' ind2='1' tag='999'>
        <subfield code='i'>i1079159</subfield>
        <subfield code='l'>ddda</subfield>
        <subfield code='s'>-</subfield>
        <subfield code='t'>0</subfield>
        <subfield code='c'>1</subfield>
        <subfield code='o'>1</subfield>
        <subfield code='b'>00014107520</subfield>
        <subfield code='p'>090</subfield>
        <subfield code='q'>|aLB2342 .B66</subfield>
      </datafield>
  </record>