
  <record>
    <leader>00000cam  2200265 a 4500</leader>
      <controlfield tag='008'>961007s1996    po a     bc  f000 0 por  </controlfield>
      <controlfield tag='001'>35990628</controlfield>
      <controlfield tag='005'>19980417090557.0</controlfield>
      <datafield ind1=' ' ind2=' ' tag='010'>
        <subfield code='a'>96206102</subfield>
      </datafield>
      <datafield ind1=' ' ind2=' ' tag='020'>
        <subfield code='a'>9722708155</subfield>
      </datafield>
      <datafield ind1=' ' ind2=' ' tag='040'>
        <subfield code='a'>DLC</subfield>
        <subfield code='c'>DLC</subfield>
        <subfield code='d'>NOC</subfield>
      </datafield>
      <datafield ind1='0' ind2=' ' tag='041'>
        <subfield code='a'>poreng</subfield>
      </datafield>
      <datafield ind1=' ' ind2=' ' tag='043'>
        <subfield code='a'>e-po---</subfield>
        <subfield code='a'>a-ja---</subfield>
      </datafield>
      <datafield ind1='0' ind2='0' tag='050'>
        <subfield code='a'>GA1013.5.A1</subfield>
        <subfield code='b'>M357 1996</subfield>
      </datafield>
      <datafield ind1='0' ind2='0' tag='082'>
        <subfield code='a'>912.52</subfield>
        <subfield code='2'>21</subfield>
      </datafield>
      <datafield ind1='1' ind2=' ' tag='100'>
        <subfield code='a'>Marques, Alfredo Pinheiro.</subfield>
      </datafield>
      <datafield ind1='1' ind2='2' tag='245'>
        <subfield code='a'>A cartografia portuguesa do Japão :</subfield>
        <subfield code='b'>séculos XVI-XVII : catálogo das cartas portuguesas = The Portuguese cartography of Japan : XVI-XVII centuries : a catalogue of Portuguese charts /</subfield>
        <subfield code='c'>Alfredo Pinheiro Marques.</subfield>
      </datafield>
      <datafield ind1='3' ind2='1' tag='246'>
        <subfield code='a'>Portuguese cartography of Japan</subfield>
      </datafield>
      <datafield ind1=' ' ind2=' ' tag='260'>
        <subfield code='a'>Lisboa, Portugal :</subfield>
        <subfield code='b'>Fundação Oriente :</subfield>
        <subfield code='b'>Comissão Nacional para as Comemorações dos Descobrimentos Portugeses :</subfield>
        <subfield code='b'>Impr. Nacional-Casa da Moeda,</subfield>
        <subfield code='c'>[1996]</subfield>
      </datafield>
      <datafield ind1=' ' ind2=' ' tag='300'>
        <subfield code='a'>254 p. :</subfield>
        <subfield code='b'>col. ill. ;</subfield>
        <subfield code='c'>28 x 37 cm.</subfield>
      </datafield>
      <datafield ind1=' ' ind2=' ' tag='504'>
        <subfield code='a'>Includes bibliographical references (p. 247-250).</subfield>
      </datafield>
      <datafield ind1=' ' ind2=' ' tag='546'>
        <subfield code='a'>Portuguese and English.</subfield>
      </datafield>
      <datafield ind1=' ' ind2='0' tag='650'>
        <subfield code='a'>Cartography</subfield>
        <subfield code='z'>Portugal</subfield>
        <subfield code='x'>History</subfield>
        <subfield code='y'>16th century</subfield>
        <subfield code='v'>Catalogs.</subfield>
      </datafield>
      <datafield ind1=' ' ind2='0' tag='650'>
        <subfield code='a'>Cartography</subfield>
        <subfield code='z'>Portugal</subfield>
        <subfield code='x'>History</subfield>
        <subfield code='y'>17th century</subfield>
        <subfield code='v'>Catalogs.</subfield>
      </datafield>
      <datafield ind1=' ' ind2='0' tag='651'>
        <subfield code='a'>Japan</subfield>
        <subfield code='x'>Maps</subfield>
        <subfield code='x'>Early works to 1800</subfield>
        <subfield code='v'>Catalogs.</subfield>
      </datafield>
      <datafield ind1=' ' ind2=' ' tag='907'>
        <subfield code='a'>b3126839</subfield>
      </datafield>
      <datafield ind1='9' ind2='1' tag='999'>
        <subfield code='i'>i4438327</subfield>
        <subfield code='l'>dddb</subfield>
        <subfield code='s'>-</subfield>
        <subfield code='t'>0</subfield>
        <subfield code='c'>1</subfield>
        <subfield code='o'>1</subfield>
        <subfield code='b'>00015051373</subfield>
        <subfield code='p'>090</subfield>
        <subfield code='q'>|aGA1013.5.A1 M357 1996</subfield>
      </datafield>
  </record>