
  <record>
    <leader>00000cam  2200229 a 4500</leader>
      <controlfield tag='008'>921119s1993    ilua     b    001 0 eng  </controlfield>
      <controlfield tag='001'>29391084</controlfield>
      <controlfield tag='005'>19950208172428.0</controlfield>
      <datafield ind1=' ' ind2=' ' tag='010'>
        <subfield code='a'>92085026</subfield>
      </datafield>
      <datafield ind1=' ' ind2=' ' tag='020'>
        <subfield code='a'>0879121688 (pbk.)</subfield>
      </datafield>
      <datafield ind1=' ' ind2=' ' tag='040'>
        <subfield code='a'>DLC</subfield>
        <subfield code='c'>DLC</subfield>
        <subfield code='d'>NOH</subfield>
      </datafield>
      <datafield ind1='0' ind2='0' tag='050'>
        <subfield code='a'>TA166</subfield>
        <subfield code='b'>.E698 1993</subfield>
      </datafield>
      <datafield ind1='0' ind2='0' tag='082'>
        <subfield code='a'>620.8/2</subfield>
        <subfield code='2'>20</subfield>
      </datafield>
      <datafield ind1='0' ind2='0' tag='245'>
        <subfield code='a'>Ergonomics :</subfield>
        <subfield code='b'>a practical guide.</subfield>
      </datafield>
      <datafield ind1=' ' ind2=' ' tag='250'>
        <subfield code='a'>2nd ed.</subfield>
      </datafield>
      <datafield ind1=' ' ind2=' ' tag='260'>
        <subfield code='a'>[Chicago] :</subfield>
        <subfield code='b'>National Safety Council,</subfield>
        <subfield code='c'>c1993.</subfield>
      </datafield>
      <datafield ind1=' ' ind2=' ' tag='300'>
        <subfield code='a'>v, 122 p. :</subfield>
        <subfield code='b'>ill. ;</subfield>
        <subfield code='c'>28 cm.</subfield>
      </datafield>
      <datafield ind1=' ' ind2=' ' tag='504'>
        <subfield code='a'>Includes bibliographical references (p. 117-118) and index.</subfield>
      </datafield>
      <datafield ind1=' ' ind2='0' tag='650'>
        <subfield code='a'>Human engineering.</subfield>
      </datafield>
      <datafield ind1=' ' ind2='2' tag='650'>
        <subfield code='a'>Human Engineering.</subfield>
      </datafield>
      <datafield ind1='2' ind2=' ' tag='710'>
        <subfield code='a'>National Safety Council.</subfield>
      </datafield>
      <datafield ind1=' ' ind2=' ' tag='907'>
        <subfield code='a'>b2667359</subfield>
      </datafield>
      <datafield ind1='9' ind2='1' tag='999'>
        <subfield code='i'>i3836340</subfield>
        <subfield code='l'>nohh</subfield>
        <subfield code='s'>-</subfield>
        <subfield code='t'>0</subfield>
        <subfield code='c'>1</subfield>
        <subfield code='o'>10</subfield>
        <subfield code='b'>H00182801K</subfield>
        <subfield code='p'>096</subfield>
        <subfield code='q'>|aWA 475|bE668 1993</subfield>
      </datafield>
  </record>