
  <record>
    <leader>00000cam a2200241Ia 4500</leader>
      <controlfield tag='008'>800910s1939    rb ac    b    001 0 srpod</controlfield>
      <controlfield tag='001'>6696881</controlfield>
      <controlfield tag='005'>19970714124714.0</controlfield>
      <datafield ind1=' ' ind2=' ' tag='040'>
        <subfield code='a'>WAU</subfield>
        <subfield code='c'>WAU</subfield>
        <subfield code='d'>NOC</subfield>
      </datafield>
      <datafield ind1='1' ind2=' ' tag='100'>
        <subfield code='a'>Šumarević, Svetislav.</subfield>
      </datafield>
      <datafield ind1='1' ind2='0' tag='245'>
        <subfield code='a'>Pozorište kod Srba /</subfield>
        <subfield code='c'>Svetislav Šumarević.</subfield>
      </datafield>
      <datafield ind1=' ' ind2=' ' tag='260'>
        <subfield code='a'>Beograd :</subfield>
        <subfield code='b'>Luča,</subfield>
        <subfield code='c'>1939.</subfield>
      </datafield>
      <datafield ind1=' ' ind2=' ' tag='300'>
        <subfield code='a'>449 p. :</subfield>
        <subfield code='b'>ill., ports. ;</subfield>
        <subfield code='c'>20 cm.</subfield>
      </datafield>
      <datafield ind1=' ' ind2=' ' tag='504'>
        <subfield code='a'>Includes bibliographical references and index.</subfield>
      </datafield>
      <datafield ind1=' ' ind2=' ' tag='546'>
        <subfield code='a'>In Serbo-Croatian</subfield>
        <subfield code='b'>(Cyrillic)</subfield>
      </datafield>
      <datafield ind1=' ' ind2='0' tag='650'>
        <subfield code='a'>Theater</subfield>
        <subfield code='z'>Serbia</subfield>
        <subfield code='x'>History.</subfield>
      </datafield>
      <datafield ind1=' ' ind2=' ' tag='907'>
        <subfield code='a'>b3037624</subfield>
      </datafield>
      <datafield ind1='9' ind2='1' tag='999'>
        <subfield code='i'>i4319388</subfield>
        <subfield code='l'>trln</subfield>
        <subfield code='s'>-</subfield>
        <subfield code='t'>0</subfield>
        <subfield code='c'>1</subfield>
        <subfield code='o'>0</subfield>
        <subfield code='b'>00013926335</subfield>
        <subfield code='p'>090</subfield>
        <subfield code='q'>|aPN2855.S4 S86 1939</subfield>
      </datafield>
  </record>