
  <record>
    <leader>00000nam a2200397 a 4500</leader>
      <controlfield tag='006'>m     o  d</controlfield>
      <controlfield tag='007'>cr mn mmmmaama</controlfield>
      <controlfield tag='008'>001010s1871    moufa   o     000 0 eng d</controlfield>
      <controlfield tag='001'>afami000071943</controlfield>
      <controlfield tag='005'>20130430110907.0</controlfield>
      <datafield ind1=' ' ind2=' ' tag='040'>
        <subfield code='a'>PPL</subfield>
        <subfield code='b'>eng</subfield>
        <subfield code='c'>PPL</subfield>
      </datafield>
      <datafield ind1=' ' ind2=' ' tag='043'>
        <subfield code='a'>n-us-mo</subfield>
      </datafield>
      <datafield ind1='2' ind2=' ' tag='110'>
        <subfield code='a'>St. Louis Public Schools (Saint Louis, Mo.).</subfield>
        <subfield code='b'>Board of Directors.</subfield>
      </datafield>
      <datafield ind1='1' ind2='0' tag='240'>
        <subfield code='a'>Annual report.</subfield>
        <subfield code='f'>1870</subfield>
      </datafield>
      <datafield ind1='1' ind2='0' tag='245'>
        <subfield code='a'>Sixteenth annual report of the Board of Directors of the Saint Louis Public Schools, for the year ending August 1, 1870</subfield>
        <subfield code='h'>[electronic resource].</subfield>
      </datafield>
      <datafield ind1=' ' ind2=' ' tag='260'>
        <subfield code='a'>St. Louis, Mo. :</subfield>
        <subfield code='b'>Plate, Olshausen &amp; Co., printers and binders,</subfield>
        <subfield code='c'>1871.</subfield>
      </datafield>
      <datafield ind1=' ' ind2=' ' tag='300'>
        <subfield code='a'>1 online resource (201, [1] (blank), cxx, iii, [1] p., [4] leaves of plates) :</subfield>
        <subfield code='b'>ill.</subfield>
      </datafield>
      <datafield ind1=' ' ind2=' ' tag='500'>
        <subfield code='a'>Appendix, cxx p., followed by Table of contents, iii p., at end. Errata listed on unnumbered page following text.</subfield>
      </datafield>
      <datafield ind1=' ' ind2=' ' tag='500'>
        <subfield code='a'>Engraved plates signed by G.A. Bauer.</subfield>
      </datafield>
      <datafield ind1=' ' ind2=' ' tag='500'>
        <subfield code='a'>Library Company&apos;s copy disbound.</subfield>
      </datafield>
      <datafield ind1=' ' ind2=' ' tag='500'>
        <subfield code='a'>Tables include statistics on colored schools.</subfield>
      </datafield>
      <datafield ind1='1' ind2=' ' tag='506'>
        <subfield code='a'>Access limited to UNC Chapel Hill-authenticated users.</subfield>
        <subfield code='f'>Unlimited simultaneous users</subfield>
      </datafield>
      <datafield ind1='4' ind2=' ' tag='510'>
        <subfield code='a'>Lib. Company. Afro-Americana, 2nd ed.</subfield>
        <subfield code='c'>Suppl. 1902</subfield>
      </datafield>
      <datafield ind1=' ' ind2='0' tag='650'>
        <subfield code='a'>African Americans</subfield>
        <subfield code='x'>Education</subfield>
        <subfield code='z'>Missouri</subfield>
        <subfield code='z'>Saint Louis.</subfield>
      </datafield>
      <datafield ind1=' ' ind2='0' tag='650'>
        <subfield code='a'>Public schools</subfield>
        <subfield code='z'>Missouri</subfield>
        <subfield code='z'>Saint Louis.</subfield>
      </datafield>
      <datafield ind1='1' ind2='2' tag='700'>
        <subfield code='a'>Bauer, George A.,</subfield>
        <subfield code='e'>engraver.</subfield>
      </datafield>
      <datafield ind1='2' ind2=' ' tag='710'>
        <subfield code='a'>Plate, Olshausen &amp; Co.,</subfield>
        <subfield code='e'>printer.</subfield>
      </datafield>
      <datafield ind1='0' ind2=' ' tag='773'>
        <subfield code='t'>Afro-Americana imprints, 1535-1922 (online collection). Ebooks</subfield>
      </datafield>
      <datafield ind1='4' ind2='0' tag='856'>
        <subfield code='u'>http://libproxy.lib.unc.edu/login?url=http://docs.newsbank.com/select/AFAMER/S1902</subfield>
        <subfield code='y'>Full text available via the UNC-Chapel Hill Libraries</subfield>
        <subfield code='x'>Afro-Americana Imprints</subfield>
      </datafield>
      <datafield ind1=' ' ind2=' ' tag='907'>
        <subfield code='a'>b8849876</subfield>
      </datafield>
  </record>