
  <record>
    <leader>00000cam  2200241 i 4500</leader>
      <controlfield tag='008'>751023s1975    ne            000 0 eng  </controlfield>
      <controlfield tag='001'>1858905</controlfield>
      <controlfield tag='005'>19960423074044.0</controlfield>
      <datafield ind1=' ' ind2=' ' tag='010'>
        <subfield code='a'>75327064 //r84</subfield>
      </datafield>
      <datafield ind1=' ' ind2=' ' tag='015'>
        <subfield code='a'>Ne75-26</subfield>
      </datafield>
      <datafield ind1=' ' ind2=' ' tag='019'>
        <subfield code='a'>15846546</subfield>
        <subfield code='a'>16384147</subfield>
      </datafield>
      <datafield ind1=' ' ind2=' ' tag='020'>
        <subfield code='a'>9020004298 :</subfield>
        <subfield code='c'>fl 35.00</subfield>
      </datafield>
      <datafield ind1=' ' ind2=' ' tag='040'>
        <subfield code='a'>DLC</subfield>
        <subfield code='c'>DLC</subfield>
        <subfield code='d'>ZYF</subfield>
        <subfield code='d'>UKM</subfield>
        <subfield code='d'>NLC</subfield>
        <subfield code='d'>NDO</subfield>
      </datafield>
      <datafield ind1=' ' ind2=' ' tag='043'>
        <subfield code='a'>n-cn---</subfield>
        <subfield code='a'>n-us---</subfield>
        <subfield code='a'>ew-----</subfield>
      </datafield>
      <datafield ind1='0' ind2=' ' tag='050'>
        <subfield code='a'>LAW</subfield>
      </datafield>
      <datafield ind1='1' ind2='4' tag='050'>
        <subfield code='a'>K4543</subfield>
        <subfield code='b'>.F76 1975</subfield>
      </datafield>
      <datafield ind1='0' ind2=' ' tag='082'>
        <subfield code='a'>343.06/8</subfield>
        <subfield code='a'>342.368</subfield>
        <subfield code='2'>19</subfield>
      </datafield>
      <datafield ind1='1' ind2=' ' tag='100'>
        <subfield code='a'>Frommel, S. N.</subfield>
      </datafield>
      <datafield ind1='1' ind2='0' tag='245'>
        <subfield code='a'>Taxation of branches and subsidiaries in western Europe, Canada and the USA /</subfield>
        <subfield code='c'>S. N. Frommel.</subfield>
      </datafield>
      <datafield ind1=' ' ind2=' ' tag='260'>
        <subfield code='a'>Deventer :</subfield>
        <subfield code='b'>Kluwer,</subfield>
        <subfield code='c'>[1975]</subfield>
      </datafield>
      <datafield ind1=' ' ind2=' ' tag='300'>
        <subfield code='a'>121 p. ;</subfield>
        <subfield code='c'>25 cm.</subfield>
      </datafield>
      <datafield ind1=' ' ind2='0' tag='650'>
        <subfield code='a'>Branches (Business enterprises)</subfield>
        <subfield code='x'>Taxation</subfield>
        <subfield code='x'>Law and legislation.</subfield>
      </datafield>
      <datafield ind1=' ' ind2='0' tag='650'>
        <subfield code='a'>Subsidiary corporations</subfield>
        <subfield code='x'>Taxation.</subfield>
      </datafield>
      <datafield ind1=' ' ind2=' ' tag='907'>
        <subfield code='a'>b2812029</subfield>
      </datafield>
      <datafield ind1='9' ind2='1' tag='999'>
        <subfield code='i'>i4039472</subfield>
        <subfield code='l'>ksta</subfield>
        <subfield code='s'>-</subfield>
        <subfield code='t'>0</subfield>
        <subfield code='c'>1</subfield>
        <subfield code='o'>0</subfield>
        <subfield code='b'>L00222635K</subfield>
        <subfield code='p'>090</subfield>
        <subfield code='q'>|aK4543 .F76 1975</subfield>
      </datafield>
  </record>