
  <record>
    <leader>00000cam  2200349La 4500</leader>
      <controlfield tag='006'>m        u</controlfield>
      <controlfield tag='008'>020430s2001    maua    sb    001 0 eng d</controlfield>
      <controlfield tag='007'>cr cn</controlfield>
      <controlfield tag='001'>EHNL49852719</controlfield>
      <controlfield tag='005'>20021003042810.0</controlfield>
      <datafield ind1=' ' ind2=' ' tag='020'>
        <subfield code='a'>1580533973 (electronic bk.)</subfield>
      </datafield>
      <datafield ind1=' ' ind2=' ' tag='040'>
        <subfield code='a'>N$T</subfield>
        <subfield code='c'>N$T</subfield>
        <subfield code='d'>OCLCQ</subfield>
      </datafield>
      <datafield ind1='1' ind2='4' tag='050'>
        <subfield code='a'>TK5104</subfield>
        <subfield code='b'>.E45 2001eb</subfield>
      </datafield>
      <datafield ind1='0' ind2='4' tag='082'>
        <subfield code='a'>621.382/5</subfield>
        <subfield code='2'>21</subfield>
      </datafield>
      <datafield ind1='1' ind2=' ' tag='100'>
        <subfield code='a'>Elbert, Bruce R.</subfield>
      </datafield>
      <datafield ind1='1' ind2='4' tag='245'>
        <subfield code='a'>The satellite communication ground segment and earth station handbook</subfield>
        <subfield code='h'>[electronic resource] /</subfield>
        <subfield code='c'>Bruce R. Elbert.</subfield>
      </datafield>
      <datafield ind1=' ' ind2=' ' tag='260'>
        <subfield code='a'>Boston :</subfield>
        <subfield code='b'>Artech House,</subfield>
        <subfield code='c'>c2001.</subfield>
      </datafield>
      <datafield ind1=' ' ind2=' ' tag='300'>
        <subfield code='a'>xi, 370 p. :</subfield>
        <subfield code='b'>ill. ;</subfield>
        <subfield code='c'>24 cm.</subfield>
      </datafield>
      <datafield ind1=' ' ind2=' ' tag='504'>
        <subfield code='a'>Includes bibliographical references and index.</subfield>
      </datafield>
      <datafield ind1='1' ind2=' ' tag='506'>
        <subfield code='a'>Access limited to UNC Chapel Hill-authenticated users</subfield>
        <subfield code='f'>Limited to one (1) concurrent user</subfield>
      </datafield>
      <datafield ind1=' ' ind2='0' tag='650'>
        <subfield code='a'>Artificial satellites in telecommunication.</subfield>
      </datafield>
      <datafield ind1='0' ind2=' ' tag='773'>
        <subfield code='t'>Ebscohost ebooks (online collection). Via NCLive</subfield>
      </datafield>
      <datafield ind1='1' ind2=' ' tag='776'>
        <subfield code='c'>Original</subfield>
        <subfield code='z'>158053046X</subfield>
        <subfield code='w'>(DLC)  00059390</subfield>
      </datafield>
      <datafield ind1=' ' ind2='0' tag='830'>
        <subfield code='a'>Artech House space technology and applications library.</subfield>
      </datafield>
      <datafield ind1='4' ind2='0' tag='856'>
        <subfield code='y'>Full text available via the UNC-Chapel Hill Libraries</subfield>
        <subfield code='u'>http://libproxy.lib.unc.edu/login?url=http://www.netLibrary.com/urlapi.asp?action=summary&amp;v=1&amp;bookid=67420</subfield>
      </datafield>
      <datafield ind1=' ' ind2=' ' tag='907'>
        <subfield code='a'>b4326346</subfield>
      </datafield>
  </record>