
  <record>
    <leader>00000nam  2200325M  4500</leader>
      <controlfield tag='008'>060607s1985    nyu           000 0 eng d</controlfield>
      <controlfield tag='001'>171451236</controlfield>
      <controlfield tag='003'>OCoLC</controlfield>
      <datafield ind1='8' ind2=' ' tag='024'>
        <subfield code='a'>5935</subfield>
      </datafield>
      <datafield ind1=' ' ind2=' ' tag='040'>
        <subfield code='a'>ICA</subfield>
        <subfield code='c'>SMIAM</subfield>
      </datafield>
      <datafield ind1=' ' ind2=' ' tag='042'>
        <subfield code='a'>scipio</subfield>
      </datafield>
      <datafield ind1='2' ind2=' ' tag='110'>
        <subfield code='a'>Christie&apos;s East (Firm)</subfield>
      </datafield>
      <datafield ind1='1' ind2='0' tag='245'>
        <subfield code='a'>19th and 20th century American paintings, drawings, watercolors and sculpture.</subfield>
      </datafield>
      <datafield ind1=' ' ind2=' ' tag='260'>
        <subfield code='a'>New York</subfield>
        <subfield code='c'>1985.</subfield>
      </datafield>
      <datafield ind1=' ' ind2=' ' tag='300'>
        <subfield code='b'>ill.</subfield>
      </datafield>
      <datafield ind1=' ' ind2=' ' tag='500'>
        <subfield code='a'>Sale code: 5935.</subfield>
      </datafield>
      <datafield ind1=' ' ind2=' ' tag='500'>
        <subfield code='a'>Price list tipped in.</subfield>
      </datafield>
      <datafield ind1=' ' ind2=' ' tag='504'>
        <subfield code='a'>Includes index.</subfield>
      </datafield>
      <datafield ind1=' ' ind2=' ' tag='518'>
        <subfield code='a'>Place of auction: New York.</subfield>
      </datafield>
      <datafield ind1=' ' ind2=' ' tag='653'>
        <subfield code='a'>Estate of Lee Witkin</subfield>
      </datafield>
      <datafield ind1=' ' ind2=' ' tag='653'>
        <subfield code='a'>Estate of Carla Griggs</subfield>
      </datafield>
      <datafield ind1=' ' ind2=' ' tag='653'>
        <subfield code='a'>Fellowship of the Pennsylvania Academy of Fine Arts</subfield>
      </datafield>
      <datafield ind1=' ' ind2=' ' tag='653'>
        <subfield code='a'>Estate of F.E.W. Lewin</subfield>
      </datafield>
      <datafield ind1=' ' ind2=' ' tag='653'>
        <subfield code='a'>Estate of John U. Sturdevant</subfield>
      </datafield>
      <datafield ind1=' ' ind2='7' tag='655'>
        <subfield code='a'>Auction catalogs.</subfield>
        <subfield code='2'>rbgenr</subfield>
      </datafield>
      <datafield ind1=' ' ind2='7' tag='655'>
        <subfield code='a'>Price lists.</subfield>
        <subfield code='2'>aat</subfield>
      </datafield>
      <datafield ind1=' ' ind2=' ' tag='907'>
        <subfield code='a'>b7097019</subfield>
      </datafield>
      <datafield ind1='9' ind2='1' tag='999'>
        <subfield code='i'>i9559193</subfield>
        <subfield code='l'>traas</subfield>
        <subfield code='s'>o</subfield>
        <subfield code='t'>79</subfield>
        <subfield code='c'>1</subfield>
        <subfield code='o'>0</subfield>
        <subfield code='b'>00043813962</subfield>
        <subfield code='p'>099</subfield>
        <subfield code='q'>|aChristie&apos;s 1985.06.26</subfield>
        <subfield code='n'>Please contact the Sloane Art Library for assistance.  Phone:  (919) 962-2397.  Email address: artlib_recall@listserv.unc.edu.</subfield>
      </datafield>
  </record>