
  <record>
    <leader>00000cam  2200181Ia 4500</leader>
      <controlfield tag='008'>930224s1968    ru ac         000 0brusr </controlfield>
      <controlfield tag='001'>18170150</controlfield>
      <controlfield tag='005'>19930224000000.0</controlfield>
      <datafield ind1=' ' ind2=' ' tag='010'>
        <subfield code='a'>74415736</subfield>
      </datafield>
      <datafield ind1=' ' ind2=' ' tag='040'>
        <subfield code='a'>DLC</subfield>
        <subfield code='c'>YNG</subfield>
      </datafield>
      <datafield ind1=' ' ind2=' ' tag='043'>
        <subfield code='a'>e-ur-ru</subfield>
      </datafield>
      <datafield ind1='1' ind2=' ' tag='100'>
        <subfield code='a'>Novikov, Viktor Ivanovich.</subfield>
      </datafield>
      <datafield ind1='1' ind2='0' tag='245'>
        <subfield code='a'>V.I. Lenin i pskovskie iskrov︠t︡sy /</subfield>
        <subfield code='c'>V.I. Novikov.</subfield>
      </datafield>
      <datafield ind1=' ' ind2=' ' tag='260'>
        <subfield code='a'>Leningrad :</subfield>
        <subfield code='b'>Lenizdat,</subfield>
        <subfield code='c'>1968.</subfield>
      </datafield>
      <datafield ind1=' ' ind2=' ' tag='300'>
        <subfield code='a'>110 p. :</subfield>
        <subfield code='b'>ill., port. ;</subfield>
        <subfield code='c'>20 cm.</subfield>
      </datafield>
      <datafield ind1=' ' ind2=' ' tag='504'>
        <subfield code='a'>Bibliographic footnotes.</subfield>
      </datafield>
      <datafield ind1='1' ind2='0' tag='600'>
        <subfield code='a'>Lenin, Vladimir Ilʹich,</subfield>
        <subfield code='d'>1870-1924</subfield>
        <subfield code='x'>Homes and haunts</subfield>
        <subfield code='z'>Russia (Federation)</subfield>
        <subfield code='z'>Pskov.</subfield>
      </datafield>
      <datafield ind1='0' ind2='0' tag='630'>
        <subfield code='a'>Iskra (Geneva, Switzerland)</subfield>
      </datafield>
      <datafield ind1=' ' ind2=' ' tag='907'>
        <subfield code='a'>b2255809</subfield>
      </datafield>
      <datafield ind1='9' ind2='1' tag='999'>
        <subfield code='i'>i3250022</subfield>
        <subfield code='l'>ddda</subfield>
        <subfield code='s'>m</subfield>
        <subfield code='t'>0</subfield>
        <subfield code='c'>1</subfield>
        <subfield code='o'>0</subfield>
        <subfield code='b'>HALE-5255-00001</subfield>
        <subfield code='p'>090</subfield>
        <subfield code='q'>|aDK254.L446 N6</subfield>
      </datafield>
  </record>