
  <record>
    <leader>00000cam  2200157   4500</leader>
      <controlfield tag='008'>710426r19701947cauac         000 0 eng  </controlfield>
      <controlfield tag='001'>134868</controlfield>
      <controlfield tag='005'>19910314102240.7</controlfield>
      <datafield ind1=' ' ind2=' ' tag='010'>
        <subfield code='a'>79129229</subfield>
      </datafield>
      <datafield ind1=' ' ind2=' ' tag='040'>
        <subfield code='a'>DLC</subfield>
        <subfield code='c'>DLC</subfield>
        <subfield code='d'>NOC</subfield>
      </datafield>
      <datafield ind1='1' ind2=' ' tag='100'>
        <subfield code='a'>Enger, Ralph.</subfield>
      </datafield>
      <datafield ind1='1' ind2='4' tag='245'>
        <subfield code='a'>The history of the Norwegian Club of San Francisco.</subfield>
      </datafield>
      <datafield ind1=' ' ind2=' ' tag='260'>
        <subfield code='a'>[San Francisco]</subfield>
        <subfield code='b'>Priv. print. [at the Recorder-Sunset Press]</subfield>
        <subfield code='c'>1947.</subfield>
      </datafield>
      <datafield ind1=' ' ind2=' ' tag='300'>
        <subfield code='a'>88, [33] p.</subfield>
        <subfield code='b'>illus., ports.</subfield>
        <subfield code='c'>28 cm.</subfield>
      </datafield>
      <datafield ind1=' ' ind2=' ' tag='500'>
        <subfield code='a'>Photo-offset. San Francisco, R and E Research Associates, 1970.</subfield>
      </datafield>
      <datafield ind1='2' ind2='0' tag='610'>
        <subfield code='a'>Norwegian Club of San Francisco.</subfield>
      </datafield>
      <datafield ind1=' ' ind2=' ' tag='907'>
        <subfield code='a'>b1033978</subfield>
      </datafield>
      <datafield ind1='9' ind2='1' tag='999'>
        <subfield code='i'>i1054060</subfield>
        <subfield code='l'>trln</subfield>
        <subfield code='s'>-</subfield>
        <subfield code='t'>0</subfield>
        <subfield code='c'>1</subfield>
        <subfield code='o'>0</subfield>
        <subfield code='b'>00033364724</subfield>
        <subfield code='p'>090</subfield>
        <subfield code='q'>|aHS1924.S3 N634 1970</subfield>
      </datafield>
  </record>