
  <record>
    <leader>00000cam  22003854a 4500</leader>
      <controlfield tag='008'>090310s2009    dcua     bc  f001 0 eng  </controlfield>
      <controlfield tag='001'>316099220</controlfield>
      <controlfield tag='003'>OCoLC</controlfield>
      <controlfield tag='005'>20090829060440.6</controlfield>
      <datafield ind1=' ' ind2=' ' tag='010'>
        <subfield code='a'>2009010273</subfield>
      </datafield>
      <datafield ind1=' ' ind2=' ' tag='020'>
        <subfield code='a'>9780520261204 (cloth cover : alk. paper)</subfield>
      </datafield>
      <datafield ind1=' ' ind2=' ' tag='020'>
        <subfield code='a'>0520261208 (cloth cover : alk. paper)</subfield>
      </datafield>
      <datafield ind1=' ' ind2=' ' tag='020'>
        <subfield code='a'>9780520261211 (softcover : alk. paper)</subfield>
      </datafield>
      <datafield ind1=' ' ind2=' ' tag='020'>
        <subfield code='a'>0520261216 (softcover : alk. paper)</subfield>
      </datafield>
      <datafield ind1=' ' ind2=' ' tag='035'>
        <subfield code='a'>(OCoLC)316099220</subfield>
      </datafield>
      <datafield ind1=' ' ind2=' ' tag='040'>
        <subfield code='a'>DLC</subfield>
        <subfield code='c'>DLC</subfield>
        <subfield code='d'>BTCTA</subfield>
        <subfield code='d'>YDXCP</subfield>
        <subfield code='d'>UKM</subfield>
        <subfield code='d'>C#P</subfield>
      </datafield>
      <datafield ind1='0' ind2='0' tag='050'>
        <subfield code='a'>N6537.W47</subfield>
        <subfield code='b'>A4 2009</subfield>
      </datafield>
      <datafield ind1='0' ind2='0' tag='082'>
        <subfield code='a'>709.2</subfield>
        <subfield code='2'>22</subfield>
      </datafield>
      <datafield ind1='1' ind2=' ' tag='100'>
        <subfield code='a'>Moser, Joann.</subfield>
      </datafield>
      <datafield ind1='1' ind2='0' tag='245'>
        <subfield code='a'>What&apos;s it all mean :</subfield>
        <subfield code='b'>William T. Wiley in retrospect /</subfield>
        <subfield code='c'>Joann Moser, John Yau, John G. Hanhardt ; foreword by Elizabeth Broun.</subfield>
      </datafield>
      <datafield ind1='3' ind2='0' tag='246'>
        <subfield code='a'>William T. Wiley in retrospect</subfield>
      </datafield>
      <datafield ind1=' ' ind2=' ' tag='260'>
        <subfield code='a'>Washington, DC :</subfield>
        <subfield code='b'>Smithsonian American Art Museum ;</subfield>
        <subfield code='a'>Berkeley :</subfield>
        <subfield code='b'>University of California Press,</subfield>
        <subfield code='c'>c2009.</subfield>
      </datafield>
      <datafield ind1=' ' ind2=' ' tag='300'>
        <subfield code='a'>226 p. :</subfield>
        <subfield code='b'>ill. (chiefly col.) ;</subfield>
        <subfield code='c'>28 cm.</subfield>
      </datafield>
      <datafield ind1=' ' ind2=' ' tag='500'>
        <subfield code='a'>Published in conjunction with an exhibition on view at the Smithsonian American Art Museum, Washington, D.C., Oct. 2, 2009-Jan. 24, 2010.</subfield>
      </datafield>
      <datafield ind1=' ' ind2=' ' tag='504'>
        <subfield code='a'>Includes bibliographical references and index.</subfield>
      </datafield>
      <datafield ind1='0' ind2=' ' tag='505'>
        <subfield code='a'>Foreword / Elizabeth Broun -- Preface and acknowledgments -- What&apos;s it all mean? / Joann Moser -- Thinking and seeing are actions / John Yau -- Fictions of the pose : the films of William Wiley / John G. Hanhardt --  Selected exhibitions and awards -- Checklist of the exhibition -- Bibliography -- Illustration credits -- Index.</subfield>
      </datafield>
      <datafield ind1='1' ind2='0' tag='600'>
        <subfield code='a'>Wiley, William T.,</subfield>
        <subfield code='d'>1937-</subfield>
        <subfield code='v'>Exhibitions.</subfield>
      </datafield>
      <datafield ind1='1' ind2=' ' tag='700'>
        <subfield code='a'>Wiley, William T.,</subfield>
        <subfield code='d'>1937-</subfield>
      </datafield>
      <datafield ind1='1' ind2=' ' tag='700'>
        <subfield code='a'>Yau, John,</subfield>
        <subfield code='d'>1950-</subfield>
      </datafield>
      <datafield ind1='1' ind2=' ' tag='700'>
        <subfield code='a'>Hanhardt, John G.</subfield>
      </datafield>
      <datafield ind1='2' ind2=' ' tag='710'>
        <subfield code='a'>Smithsonian American Art Museum.</subfield>
      </datafield>
      <datafield ind1=' ' ind2=' ' tag='907'>
        <subfield code='a'>b6009632</subfield>
      </datafield>
      <datafield ind1='9' ind2='1' tag='999'>
        <subfield code='i'>i7873684</subfield>
        <subfield code='l'>aada</subfield>
        <subfield code='s'>-</subfield>
        <subfield code='t'>0</subfield>
        <subfield code='c'>1</subfield>
        <subfield code='o'>0</subfield>
        <subfield code='b'>00033755259</subfield>
        <subfield code='p'>050</subfield>
        <subfield code='q'>|aN6537.W47|bA4 2009</subfield>
      </datafield>
  </record>