
  <record>
    <leader>00000nam a22003737a 4500</leader>
      <controlfield tag='008'>950501s1990    txu     b    f000 0 eng d</controlfield>
      <controlfield tag='001'>32402902</controlfield>
      <controlfield tag='005'>19950501161256.0</controlfield>
      <datafield ind1=' ' ind2=' ' tag='035'>
        <subfield code='a'>(GPO)95072933</subfield>
      </datafield>
      <datafield ind1=' ' ind2=' ' tag='037'>
        <subfield code='a'>N 91-11356</subfield>
        <subfield code='b'>NASA</subfield>
      </datafield>
      <datafield ind1=' ' ind2=' ' tag='040'>
        <subfield code='a'>GPO</subfield>
        <subfield code='c'>GPO</subfield>
        <subfield code='d'>DLC</subfield>
      </datafield>
      <datafield ind1=' ' ind2=' ' tag='074'>
        <subfield code='a'>0830-D (MF)</subfield>
      </datafield>
      <datafield ind1='0' ind2=' ' tag='086'>
        <subfield code='a'>NAS 1.15:102164</subfield>
      </datafield>
      <datafield ind1='1' ind2=' ' tag='100'>
        <subfield code='a'>Peterson, Leif E.,</subfield>
        <subfield code='d'>1957-</subfield>
      </datafield>
      <datafield ind1='1' ind2='0' tag='245'>
        <subfield code='a'>Radiological health risks to astronauts from space activities and medical procedures</subfield>
        <subfield code='h'>[microform] /</subfield>
        <subfield code='c'>Leif E. Peterson, D. Stuart Nachtwey.</subfield>
      </datafield>
      <datafield ind1=' ' ind2=' ' tag='260'>
        <subfield code='a'>Houston, Texas :</subfield>
        <subfield code='b'>National Aeronautics and Space Administration, Lyndon B. Johnson Space Center ;</subfield>
        <subfield code='a'>[Springfield, Va. :</subfield>
        <subfield code='b'>National Technical Information Service, distributor,</subfield>
        <subfield code='c'>1990]</subfield>
      </datafield>
      <datafield ind1=' ' ind2=' ' tag='300'>
        <subfield code='a'>1 v.</subfield>
      </datafield>
      <datafield ind1=' ' ind2=' ' tag='500'>
        <subfield code='a'>Distributed to depository libraries in microfiche.</subfield>
      </datafield>
      <datafield ind1=' ' ind2=' ' tag='533'>
        <subfield code='a'>Microfiche.</subfield>
        <subfield code='b'>[Washington, D.C. :</subfield>
        <subfield code='c'>National Aeronautics and Space Administration,</subfield>
        <subfield code='d'>1990]</subfield>
        <subfield code='e'>1 microfiche.</subfield>
      </datafield>
      <datafield ind1=' ' ind2='7' tag='650'>
        <subfield code='a'>Extraterrestrial radiation.</subfield>
        <subfield code='2'>nasat</subfield>
      </datafield>
      <datafield ind1=' ' ind2='7' tag='650'>
        <subfield code='a'>Health.</subfield>
        <subfield code='2'>nasat</subfield>
      </datafield>
      <datafield ind1=' ' ind2='7' tag='650'>
        <subfield code='a'>Radiation dosage.</subfield>
        <subfield code='2'>nasat</subfield>
      </datafield>
      <datafield ind1=' ' ind2='7' tag='650'>
        <subfield code='a'>Radiation hazards.</subfield>
        <subfield code='2'>nasat</subfield>
      </datafield>
      <datafield ind1=' ' ind2='7' tag='650'>
        <subfield code='a'>Radiation protection.</subfield>
        <subfield code='2'>nasat</subfield>
      </datafield>
      <datafield ind1=' ' ind2='7' tag='650'>
        <subfield code='a'>Space stations.</subfield>
        <subfield code='2'>nasat</subfield>
      </datafield>
      <datafield ind1=' ' ind2='7' tag='650'>
        <subfield code='a'>Spacecrews.</subfield>
        <subfield code='2'>nasat</subfield>
      </datafield>
      <datafield ind1='1' ind2=' ' tag='700'>
        <subfield code='a'>Nachtwey, D. S.</subfield>
        <subfield code='q'>(David Stuart),</subfield>
        <subfield code='d'>1929-</subfield>
      </datafield>
      <datafield ind1='2' ind2=' ' tag='710'>
        <subfield code='a'>Lyndon B. Johnson Space Center.</subfield>
      </datafield>
      <datafield ind1=' ' ind2='0' tag='830'>
        <subfield code='a'>NASA technical memorandum ;</subfield>
        <subfield code='v'>102164.</subfield>
      </datafield>
      <datafield ind1=' ' ind2=' ' tag='907'>
        <subfield code='a'>b3654396</subfield>
      </datafield>
      <datafield ind1='9' ind2='1' tag='999'>
        <subfield code='i'>i5097689</subfield>
        <subfield code='l'>dcpfb</subfield>
        <subfield code='s'>-</subfield>
        <subfield code='t'>20</subfield>
        <subfield code='c'>1</subfield>
        <subfield code='o'>0</subfield>
        <subfield code='b'>HBBG-9618-00001</subfield>
        <subfield code='p'>086</subfield>
        <subfield code='q'>|aNAS 1.15:102164</subfield>
      </datafield>
  </record>