
  <record>
    <leader>00000cam a2200253Ia 4500</leader>
      <controlfield tag='008'>911001q18401899enkaf         000 0 eng d</controlfield>
      <controlfield tag='001'>24477317</controlfield>
      <controlfield tag='005'>19911001000000.0</controlfield>
      <datafield ind1=' ' ind2=' ' tag='040'>
        <subfield code='a'>NOC</subfield>
        <subfield code='c'>NOC</subfield>
      </datafield>
      <datafield ind1='0' ind2='4' tag='245'>
        <subfield code='a'>The Keepsake /</subfield>
        <subfield code='c'>edited by the Countess of Blessington ; with beautifully finished engravings from drawings by the first artists, engraved under the superintendence of Mr. Charles Heath.</subfield>
      </datafield>
      <datafield ind1=' ' ind2=' ' tag='260'>
        <subfield code='a'>London :</subfield>
        <subfield code='b'>David Bogue ;</subfield>
        <subfield code='a'>Aberdeen :</subfield>
        <subfield code='b'>George &amp; Robert King,</subfield>
        <subfield code='c'>[184-?];</subfield>
        <subfield code='e'>([London] :</subfield>
        <subfield code='f'>William Wilcockson)</subfield>
      </datafield>
      <datafield ind1=' ' ind2=' ' tag='300'>
        <subfield code='a'>280 p., [12] leaves of plates :</subfield>
        <subfield code='b'>ill. ;</subfield>
        <subfield code='c'>25 cm.</subfield>
      </datafield>
      <datafield ind1=' ' ind2=' ' tag='500'>
        <subfield code='a'>Contents identical to Keepsake (London, England) of 1848.</subfield>
      </datafield>
      <datafield ind1=' ' ind2='7' tag='655'>
        <subfield code='a'>Signed bindings (Binding)</subfield>
        <subfield code='z'>Great Britain</subfield>
        <subfield code='y'>19th century</subfield>
        <subfield code='2'>rbbin</subfield>
      </datafield>
      <datafield ind1=' ' ind2='7' tag='655'>
        <subfield code='a'>Publishers&apos; bindings (Binding)</subfield>
        <subfield code='z'>Great Britain</subfield>
        <subfield code='y'>19th century</subfield>
        <subfield code='2'>rbbin</subfield>
      </datafield>
      <datafield ind1='1' ind2=' ' tag='700'>
        <subfield code='a'>Blessington, Marguerite,</subfield>
        <subfield code='c'>Countess of,</subfield>
        <subfield code='d'>1789-1849.</subfield>
      </datafield>
      <datafield ind1='1' ind2=' ' tag='700'>
        <subfield code='a'>Heath, Charles,</subfield>
        <subfield code='d'>1785-1848.</subfield>
      </datafield>
      <datafield ind1='1' ind2=' ' tag='700'>
        <subfield code='a'>Westley, Josiah,</subfield>
        <subfield code='d'>active 1830-1851.</subfield>
        <subfield code='5'>NcU</subfield>
      </datafield>
      <datafield ind1='0' ind2=' ' tag='740'>
        <subfield code='a'>Victorian Bindings Collection.</subfield>
      </datafield>
      <datafield ind1=' ' ind2=' ' tag='919'>
        <subfield code='a'>590 touched / wkg</subfield>
      </datafield>
      <datafield ind1=' ' ind2=' ' tag='907'>
        <subfield code='a'>b2411158</subfield>
      </datafield>
      <datafield ind1='9' ind2='1' tag='999'>
        <subfield code='i'>i3461380</subfield>
        <subfield code='l'>wcvj</subfield>
        <subfield code='s'>o</subfield>
        <subfield code='t'>0</subfield>
        <subfield code='c'>1</subfield>
        <subfield code='o'>0</subfield>
        <subfield code='b'>00023021579</subfield>
        <subfield code='p'>090</subfield>
        <subfield code='q'>|aGB1840z .K55</subfield>
        <subfield code='n'>Bound by Josiah Westley.  Bound in yellow ribbed morocco (AR) grain cloth, blocked in gold. Bookbinder&apos;s ticket of Josiah Westley inside back cover.  Bookplate of Cha? Gordon</subfield>
      </datafield>
      <datafield ind1='9' ind2='2' tag='999'>
        <subfield code='a'>c2618789</subfield>
        <subfield code='b'>wcvj</subfield>
        <subfield code='c'>0</subfield>
      </datafield>
      <datafield ind1='9' ind2='3' tag='999'>
        <subfield code='0'>c2618789</subfield>
        <subfield code='2'>852</subfield>
        <subfield code='3'>c</subfield>
        <subfield code='b'>572291</subfield>
        <subfield code='h'>GB1840z</subfield>
        <subfield code='i'>.K55</subfield>
      </datafield>
      <datafield ind1='9' ind2='3' tag='999'>
        <subfield code='0'>c2618789</subfield>
        <subfield code='2'>852</subfield>
        <subfield code='3'>c</subfield>
        <subfield code='p'>00023021579</subfield>
        <subfield code='t'>1</subfield>
        <subfield code='z'>Bound by Josiah Westley.</subfield>
        <subfield code='z'>Bound in yellow ribbed morocco (AR) grain cloth, blocked in gold. Bookbinder&apos;s ticket of Josiah Westley inside back cover.</subfield>
        <subfield code='z'>Bookplate of Cha? Gordon.</subfield>
      </datafield>
  </record>