
  <record>
    <leader>00000cam a2200253Ia 4500</leader>
      <controlfield tag='008'>900827s1964    ru      bs    000 0 rusod</controlfield>
      <controlfield tag='007'>he amu   baca</controlfield>
      <controlfield tag='001'>22641039</controlfield>
      <controlfield tag='005'>20010817151710.0</controlfield>
      <datafield ind1=' ' ind2=' ' tag='040'>
        <subfield code='a'>HUH</subfield>
        <subfield code='c'>HUH</subfield>
        <subfield code='d'>OCL</subfield>
        <subfield code='d'>NOC</subfield>
      </datafield>
      <datafield ind1='0' ind2='0' tag='245'>
        <subfield code='a'>Narodnoe khoz︠i︡aĭstvo ︠I︡Akutskoĭ ASSR</subfield>
        <subfield code='h'>[microfiche] :</subfield>
        <subfield code='b'>statisticheskiĭ sbornik / [pod rukovodstvom R.V. Arbatskoĭ ... et a.].</subfield>
      </datafield>
      <datafield ind1=' ' ind2=' ' tag='260'>
        <subfield code='a'>︠I︡Akutsk :</subfield>
        <subfield code='b'>︠I︡Akutskoe agentstvo gosstatizdatelʹstva,</subfield>
        <subfield code='c'>1964.</subfield>
      </datafield>
      <datafield ind1=' ' ind2=' ' tag='300'>
        <subfield code='a'>178 p.</subfield>
      </datafield>
      <datafield ind1=' ' ind2=' ' tag='500'>
        <subfield code='a'>At head of title: ︠T︡SSU SSSR. Statisticheskoe upravlenie ︠I︡Akutskoĭ ASSR.</subfield>
      </datafield>
      <datafield ind1=' ' ind2=' ' tag='533'>
        <subfield code='a'>Microfiche.</subfield>
        <subfield code='b'>Zug, Switzerland :</subfield>
        <subfield code='c'>Inter Documentation Co.,</subfield>
        <subfield code='d'>1984.</subfield>
        <subfield code='e'>2 microfiches ; 11 x 15 cm.</subfield>
        <subfield code='f'>(RS-56)</subfield>
        <subfield code='7'>s1984    sz n b</subfield>
      </datafield>
      <datafield ind1=' ' ind2='0' tag='651'>
        <subfield code='a'>Sakha (Russia)</subfield>
        <subfield code='v'>Statistics.</subfield>
      </datafield>
      <datafield ind1='1' ind2=' ' tag='700'>
        <subfield code='a'>Arbatskai͡a, R. V.</subfield>
      </datafield>
      <datafield ind1='2' ind2=' ' tag='710'>
        <subfield code='a'>Statisticheskoe upravlenie I͡Akutskoĭ oblasti.</subfield>
      </datafield>
      <datafield ind1=' ' ind2=' ' tag='907'>
        <subfield code='a'>b3930835</subfield>
      </datafield>
      <datafield ind1='9' ind2='1' tag='999'>
        <subfield code='i'>i5421514</subfield>
        <subfield code='l'>dgdae</subfield>
        <subfield code='s'>-</subfield>
        <subfield code='t'>27</subfield>
        <subfield code='c'>1</subfield>
        <subfield code='o'>0</subfield>
        <subfield code='b'>HBDV-0784-00001</subfield>
        <subfield code='p'>099</subfield>
        <subfield code='q'>|a1-4107</subfield>
        <subfield code='v'>sheet1-2</subfield>
      </datafield>
      <datafield ind1='9' ind2='2' tag='999'>
        <subfield code='a'>c4038444</subfield>
        <subfield code='b'>dgdae</subfield>
        <subfield code='c'>0</subfield>
      </datafield>
      <datafield ind1='9' ind2='3' tag='999'>
        <subfield code='0'>c4038444</subfield>
        <subfield code='2'>852</subfield>
        <subfield code='3'>c</subfield>
        <subfield code='b'>553411</subfield>
        <subfield code='g'>Microfiche</subfield>
        <subfield code='h'>1-4107</subfield>
      </datafield>
      <datafield ind1='9' ind2='3' tag='999'>
        <subfield code='0'>c4038444</subfield>
        <subfield code='2'>853</subfield>
        <subfield code='3'>y</subfield>
        <subfield code='8'>1</subfield>
        <subfield code='a'>sheet</subfield>
        <subfield code='t'>c.</subfield>
      </datafield>
  </record>