
  <record>
    <leader>00000cam  2200217I  4500</leader>
      <controlfield tag='008'>791105s1933    tnu           000 0 eng c</controlfield>
      <controlfield tag='001'>5654392</controlfield>
      <controlfield tag='005'>20010802090045.0</controlfield>
      <datafield ind1=' ' ind2=' ' tag='010'>
        <subfield code='a'>34030217</subfield>
      </datafield>
      <datafield ind1=' ' ind2=' ' tag='040'>
        <subfield code='a'>Vanderbilt Univ. Libr.</subfield>
        <subfield code='c'>AFU</subfield>
        <subfield code='d'>OCL</subfield>
        <subfield code='d'>NOC</subfield>
      </datafield>
      <datafield ind1='0' ind2=' ' tag='050'>
        <subfield code='a'>HM131</subfield>
        <subfield code='b'>.C73 1933</subfield>
      </datafield>
      <datafield ind1=' ' ind2=' ' tag='082'>
        <subfield code='a'>323.35</subfield>
      </datafield>
      <datafield ind1='1' ind2=' ' tag='100'>
        <subfield code='a'>Chu, John Yohan,</subfield>
        <subfield code='d'>1904-</subfield>
      </datafield>
      <datafield ind1='1' ind2='0' tag='245'>
        <subfield code='a'>Community organization;</subfield>
        <subfield code='b'>a process of social control</subfield>
        <subfield code='c'>[by] John Yohan Chu.</subfield>
      </datafield>
      <datafield ind1=' ' ind2=' ' tag='260'>
        <subfield code='a'>[Nashville,</subfield>
        <subfield code='c'>1933]</subfield>
      </datafield>
      <datafield ind1=' ' ind2=' ' tag='300'>
        <subfield code='a'>18 p.</subfield>
        <subfield code='c'>23 cm.</subfield>
      </datafield>
      <datafield ind1=' ' ind2=' ' tag='500'>
        <subfield code='a'>Condensation of thesis (PH. D.)--Vanderbilt university, 1933.</subfield>
      </datafield>
      <datafield ind1=' ' ind2='0' tag='650'>
        <subfield code='a'>Sociology.</subfield>
      </datafield>
      <datafield ind1=' ' ind2=' ' tag='907'>
        <subfield code='a'>b3965422</subfield>
      </datafield>
      <datafield ind1='9' ind2='1' tag='999'>
        <subfield code='i'>i5464605</subfield>
        <subfield code='l'>trln</subfield>
        <subfield code='s'>-</subfield>
        <subfield code='t'>0</subfield>
        <subfield code='c'>1</subfield>
        <subfield code='o'>0</subfield>
        <subfield code='b'>00029360227</subfield>
        <subfield code='p'>092</subfield>
        <subfield code='q'>|a323.35 C55c</subfield>
      </datafield>
  </record>