
  <record>
    <leader>00000nam  2200157oa 4500</leader>
      <controlfield tag='008'>040108s2004    xxu          f000 0 eng d</controlfield>
      <controlfield tag='001'>tmp97324863</controlfield>
      <datafield ind1=' ' ind2=' ' tag='040'>
        <subfield code='a'>MvI</subfield>
        <subfield code='c'>MvI</subfield>
      </datafield>
      <datafield ind1=' ' ind2=' ' tag='074'>
        <subfield code='a'>0466-A-03</subfield>
      </datafield>
      <datafield ind1='0' ind2=' ' tag='086'>
        <subfield code='a'>ED 1.310/2:459419</subfield>
      </datafield>
      <datafield ind1='0' ind2='0' tag='245'>
        <subfield code='a'>LEARNING TO READ: LESSONS FROM EXEMPLARY FIRST-GRADE CLASSROOMS. SOLVING PROBLEMS IN THE TEACHING OF LITERACY... ED459419... U.S. DEPARTMENT</subfield>
      </datafield>
      <datafield ind1=' ' ind2=' ' tag='260'>
        <subfield code='a'>[S.l. :</subfield>
        <subfield code='b'>s.n.,</subfield>
        <subfield code='c'>2004?]</subfield>
      </datafield>
      <datafield ind1=' ' ind2=' ' tag='500'>
        <subfield code='a'>Shipping List #: 2004-0106-M</subfield>
      </datafield>
      <datafield ind1=' ' ind2=' ' tag='500'>
        <subfield code='a'>Shipping List Date: 01/07/2004</subfield>
      </datafield>
      <datafield ind1='1' ind2=' ' tag='710'>
        <subfield code='a'>United States.</subfield>
        <subfield code='b'>Office of Educational Research and Improvement.</subfield>
      </datafield>
      <datafield ind1=' ' ind2=' ' tag='907'>
        <subfield code='a'>b4397449</subfield>
      </datafield>
      <datafield ind1='9' ind2='1' tag='999'>
        <subfield code='i'>i5994808</subfield>
        <subfield code='l'>dcpf</subfield>
        <subfield code='s'>-</subfield>
        <subfield code='t'>20</subfield>
        <subfield code='c'>1</subfield>
        <subfield code='o'>0</subfield>
        <subfield code='b'>HBIQ-0274-00001</subfield>
        <subfield code='p'>086</subfield>
        <subfield code='q'>|aED 1.310/2:459419</subfield>
      </datafield>
  </record>