
  <record>
    <leader>00000cam a2200265Ia 4500</leader>
      <controlfield tag='008'>950130s1958    ru ac    b    000 0brusod</controlfield>
      <controlfield tag='001'>31905457</controlfield>
      <controlfield tag='003'>OCoLC</controlfield>
      <controlfield tag='005'>20060118105415.0</controlfield>
      <datafield ind1=' ' ind2=' ' tag='035'>
        <subfield code='a'>(OCoLC)31905457</subfield>
      </datafield>
      <datafield ind1=' ' ind2=' ' tag='035'>
        <subfield code='a'>(OCoLC)31905457</subfield>
      </datafield>
      <datafield ind1=' ' ind2=' ' tag='040'>
        <subfield code='a'>CUY</subfield>
        <subfield code='c'>CUY</subfield>
        <subfield code='d'>GZM</subfield>
        <subfield code='d'>NOC</subfield>
      </datafield>
      <datafield ind1=' ' ind2=' ' tag='049'>
        <subfield code='a'>NOCC</subfield>
      </datafield>
      <datafield ind1='1' ind2=' ' tag='100'>
        <subfield code='a'>Stekolʹnikov, A.</subfield>
        <subfield code='q'>(Aleksandr)</subfield>
      </datafield>
      <datafield ind1='1' ind2='0' tag='245'>
        <subfield code='a'>Vasil Levskiĭ /</subfield>
        <subfield code='c'>A. Stekolʹnikov.</subfield>
      </datafield>
      <datafield ind1=' ' ind2=' ' tag='260'>
        <subfield code='a'>Moskva :</subfield>
        <subfield code='b'>Izd-vo ︠T︡SK VLKSM &quot;Moloda︠i︡a gvardi︠i︡a&quot;,</subfield>
        <subfield code='c'>1958.</subfield>
      </datafield>
      <datafield ind1=' ' ind2=' ' tag='300'>
        <subfield code='a'>316 p. :</subfield>
        <subfield code='b'>ill., ports. ;</subfield>
        <subfield code='c'>21 cm.</subfield>
      </datafield>
      <datafield ind1=' ' ind2=' ' tag='504'>
        <subfield code='a'>Bibliography: p. 314-[315].</subfield>
      </datafield>
      <datafield ind1='1' ind2='0' tag='600'>
        <subfield code='a'>Levski, Vasil Ivanov,</subfield>
        <subfield code='d'>1837-1873.</subfield>
      </datafield>
      <datafield ind1=' ' ind2='0' tag='830'>
        <subfield code='a'>Zhiznʹ zamechatelʹnykh li͡udeĭ (Molodai͡a gvardii͡a (Firm)) ;</subfield>
        <subfield code='v'>vyp. 12 (260)</subfield>
      </datafield>
      <datafield ind1=' ' ind2=' ' tag='907'>
        <subfield code='a'>b4770011</subfield>
      </datafield>
      <datafield ind1='9' ind2='1' tag='999'>
        <subfield code='i'>i6315569</subfield>
        <subfield code='l'>ddda</subfield>
        <subfield code='s'>-</subfield>
        <subfield code='t'>0</subfield>
        <subfield code='c'>1</subfield>
        <subfield code='o'>0</subfield>
        <subfield code='b'>00025849173</subfield>
        <subfield code='p'>090</subfield>
        <subfield code='q'>|aDR83.2.L4|bS75 1958</subfield>
      </datafield>
  </record>