
  <record>
    <leader>00000cam  2200277Ia 4500</leader>
      <controlfield tag='008'>821209s1981    ncuab    lr  s001 0 eng d</controlfield>
      <controlfield tag='001'>9034847</controlfield>
      <controlfield tag='003'>OCoLC</controlfield>
      <controlfield tag='005'>20061023083731.0</controlfield>
      <datafield ind1=' ' ind2=' ' tag='040'>
        <subfield code='a'>ERE</subfield>
        <subfield code='c'>ERE</subfield>
        <subfield code='d'>OCL</subfield>
        <subfield code='d'>NOC</subfield>
      </datafield>
      <datafield ind1=' ' ind2=' ' tag='043'>
        <subfield code='a'>n-us-nc</subfield>
      </datafield>
      <datafield ind1=' ' ind2=' ' tag='049'>
        <subfield code='a'>OFD1</subfield>
      </datafield>
      <datafield ind1='1' ind2=' ' tag='100'>
        <subfield code='a'>Schecter, Roger N.</subfield>
      </datafield>
      <datafield ind1='1' ind2='0' tag='245'>
        <subfield code='a'>North Carolina environmental permit directory /</subfield>
        <subfield code='c'>prepared by Roger N. Schecter.</subfield>
      </datafield>
      <datafield ind1=' ' ind2=' ' tag='260'>
        <subfield code='a'>Raleigh :</subfield>
        <subfield code='b'>N.C. Dept. of Natural Resources and Community Development, Office of Regulatory Relations,</subfield>
        <subfield code='c'>1981.</subfield>
      </datafield>
      <datafield ind1=' ' ind2=' ' tag='300'>
        <subfield code='a'>45, [16] p. :</subfield>
        <subfield code='b'>ill., maps ;</subfield>
        <subfield code='c'>28 cm.</subfield>
      </datafield>
      <datafield ind1=' ' ind2=' ' tag='500'>
        <subfield code='a'>Includes index of permits by agency.</subfield>
      </datafield>
      <datafield ind1=' ' ind2='0' tag='650'>
        <subfield code='a'>Environmental law</subfield>
        <subfield code='z'>North Carolina</subfield>
        <subfield code='v'>Directories.</subfield>
      </datafield>
      <datafield ind1=' ' ind2='0' tag='650'>
        <subfield code='a'>Environmental policy</subfield>
        <subfield code='z'>North Carolina</subfield>
        <subfield code='v'>Directories.</subfield>
      </datafield>
      <datafield ind1='1' ind2=' ' tag='710'>
        <subfield code='a'>North Carolina.</subfield>
        <subfield code='b'>Department of Natural Resources and Community Development.</subfield>
        <subfield code='b'>Office of Regulatory Relations.</subfield>
      </datafield>
      <datafield ind1=' ' ind2=' ' tag='907'>
        <subfield code='a'>b4909165</subfield>
      </datafield>
      <datafield ind1='9' ind2='1' tag='999'>
        <subfield code='i'>i6489701</subfield>
        <subfield code='l'>wbpa</subfield>
        <subfield code='s'>o</subfield>
        <subfield code='t'>0</subfield>
        <subfield code='c'>1</subfield>
        <subfield code='o'>0</subfield>
        <subfield code='p'>099</subfield>
        <subfield code='q'>|aC24|a15:|aE56|a1981</subfield>
      </datafield>
      <datafield ind1='9' ind2='2' tag='999'>
        <subfield code='a'>c4669991</subfield>
        <subfield code='b'>wbpa</subfield>
        <subfield code='c'>0</subfield>
      </datafield>
      <datafield ind1='9' ind2='3' tag='999'>
        <subfield code='0'>c4669991</subfield>
        <subfield code='2'>852</subfield>
        <subfield code='3'>c</subfield>
        <subfield code='b'>wbpa</subfield>
        <subfield code='h'>C24</subfield>
        <subfield code='i'>15:</subfield>
        <subfield code='i'>E56</subfield>
        <subfield code='i'>1981</subfield>
      </datafield>
      <datafield ind1='9' ind2='3' tag='999'>
        <subfield code='0'>c4669991</subfield>
        <subfield code='2'>852</subfield>
        <subfield code='3'>e</subfield>
        <subfield code='t'>1</subfield>
        <subfield code='x'>jff</subfield>
      </datafield>
  </record>