
  <record>
    <leader>00000cam  2200337 a 4500</leader>
      <controlfield tag='006'>m    |   d |</controlfield>
      <controlfield tag='008'>850129s1813    mau     o     000 0 eng d</controlfield>
      <controlfield tag='007'>cr mn mmmmabba</controlfield>
      <controlfield tag='001'>aas04296484</controlfield>
      <controlfield tag='005'>20030815094659.0</controlfield>
      <datafield ind1=' ' ind2=' ' tag='040'>
        <subfield code='a'>MWA</subfield>
        <subfield code='c'>MWA</subfield>
        <subfield code='e'>dcrb</subfield>
      </datafield>
      <datafield ind1='1' ind2=' ' tag='100'>
        <subfield code='a'>Emmons, Nathanael,</subfield>
        <subfield code='d'>1745-1840.</subfield>
      </datafield>
      <datafield ind1='1' ind2='2' tag='245'>
        <subfield code='a'>A discourse, delivered at the funeral of the Reverend Timothy Dickinson, late pastor of the church in Holliston, who died July 6, 1813, aged 52 years.</subfield>
        <subfield code='h'>[electronic resource] /</subfield>
        <subfield code='c'>By Nathanael Emmons, D.D. pastor of the church in Franklin.</subfield>
      </datafield>
      <datafield ind1=' ' ind2=' ' tag='260'>
        <subfield code='a'>Dedham [Mass.]: :</subfield>
        <subfield code='b'>Printed at the Gazette Office [by Samuel Hall].,</subfield>
        <subfield code='c'>1813.</subfield>
      </datafield>
      <datafield ind1=' ' ind2=' ' tag='300'>
        <subfield code='a'>1 online resource (20 p.)</subfield>
      </datafield>
      <datafield ind1=' ' ind2=' ' tag='500'>
        <subfield code='a'>Samuel Hall was printer at the Gazette Office in Dedham from 1813-1814.</subfield>
      </datafield>
      <datafield ind1='1' ind2=' ' tag='506'>
        <subfield code='a'>Access limited to UNC Chapel Hill-authenticated users.</subfield>
        <subfield code='f'>Unlimited simultaneous users</subfield>
      </datafield>
      <datafield ind1='4' ind2=' ' tag='510'>
        <subfield code='a'>Shaw &amp; Shoemaker</subfield>
        <subfield code='c'>28424</subfield>
      </datafield>
      <datafield ind1=' ' ind2=' ' tag='588'>
        <subfield code='a'>Description based on microform record.</subfield>
      </datafield>
      <datafield ind1='1' ind2='0' tag='600'>
        <subfield code='a'>Dickinson, Timothy,</subfield>
        <subfield code='d'>1761-1813.</subfield>
      </datafield>
      <datafield ind1=' ' ind2='7' tag='655'>
        <subfield code='a'>Funeral sermons</subfield>
        <subfield code='y'>1813.</subfield>
        <subfield code='2'>rbgenr</subfield>
      </datafield>
      <datafield ind1='2' ind2=' ' tag='710'>
        <subfield code='a'>First Congregational Church (Holliston, Mass.)</subfield>
      </datafield>
      <datafield ind1=' ' ind2=' ' tag='752'>
        <subfield code='a'>United States</subfield>
        <subfield code='b'>Massachusetts</subfield>
        <subfield code='d'>Dedham.</subfield>
      </datafield>
      <datafield ind1='0' ind2=' ' tag='773'>
        <subfield code='t'>Early American imprints, series 2: Shaw-Shoemaker (online collection)</subfield>
      </datafield>
      <datafield ind1='4' ind2='0' tag='856'>
        <subfield code='y'>Full text available via the UNC-Chapel Hill Libraries</subfield>
        <subfield code='u'>http://libproxy.lib.unc.edu/login?url=http://opac.newsbank.com/select/shaw/28424</subfield>
      </datafield>
      <datafield ind1=' ' ind2=' ' tag='907'>
        <subfield code='a'>b6720314</subfield>
      </datafield>
  </record>