
  <record>
    <leader>00000cmm  2200217Ia 4500</leader>
      <controlfield tag='008'>930401s1992    enkn       b        eng d</controlfield>
      <controlfield tag='001'>27837551</controlfield>
      <controlfield tag='005'>19930805103816.0</controlfield>
      <datafield ind1=' ' ind2=' ' tag='020'>
        <subfield code='a'>0521437199</subfield>
      </datafield>
      <datafield ind1=' ' ind2=' ' tag='040'>
        <subfield code='a'>RAO</subfield>
        <subfield code='c'>RAO</subfield>
        <subfield code='d'>NOC</subfield>
      </datafield>
      <datafield ind1='0' ind2='0' tag='245'>
        <subfield code='a'>Numerical recipes in FORTRAN</subfield>
        <subfield code='h'>[electronic resource].</subfield>
      </datafield>
      <datafield ind1=' ' ind2=' ' tag='250'>
        <subfield code='a'>2nd ed.  V. 2.0.</subfield>
      </datafield>
      <datafield ind1=' ' ind2=' ' tag='260'>
        <subfield code='a'>[Cambridge, England] :</subfield>
        <subfield code='b'>Cambridge University Press,</subfield>
        <subfield code='c'>1992.</subfield>
      </datafield>
      <datafield ind1=' ' ind2=' ' tag='300'>
        <subfield code='a'>1 computer disk ;</subfield>
        <subfield code='c'>3 1/2 in.</subfield>
      </datafield>
      <datafield ind1=' ' ind2=' ' tag='500'>
        <subfield code='a'>Designed to accompany the book Numerical recipes in FORTRAN.</subfield>
      </datafield>
      <datafield ind1=' ' ind2='0' tag='650'>
        <subfield code='a'>Numerical analysis</subfield>
        <subfield code='x'>Computer programs.</subfield>
      </datafield>
      <datafield ind1=' ' ind2='0' tag='650'>
        <subfield code='a'>FORTRAN (Computer program language)</subfield>
      </datafield>
      <datafield ind1=' ' ind2=' ' tag='907'>
        <subfield code='a'>b2488047</subfield>
      </datafield>
      <datafield ind1='9' ind2='1' tag='999'>
        <subfield code='i'>i3579596</subfield>
        <subfield code='l'>bbdaa</subfield>
        <subfield code='s'>-</subfield>
        <subfield code='t'>14</subfield>
        <subfield code='c'>1</subfield>
        <subfield code='o'>7</subfield>
        <subfield code='b'>00011144362</subfield>
        <subfield code='p'>099</subfield>
        <subfield code='q'>|aComputer Disk 3 1/2&quot; 50-8</subfield>
      </datafield>
  </record>