
  <record>
    <leader>00000cas a2200457 a 4500</leader>
      <controlfield tag='006'>m        d</controlfield>
      <controlfield tag='007'>cr  n</controlfield>
      <controlfield tag='008'>080626c20029999it ar  ss     0    0ita c</controlfield>
      <controlfield tag='001'>ssj0063903</controlfield>
      <controlfield tag='003'>WaSeSS</controlfield>
      <controlfield tag='005'>20160508061549.0</controlfield>
      <datafield ind1=' ' ind2=' ' tag='010'>
        <subfield code='a'>2008263392</subfield>
      </datafield>
      <datafield ind1=' ' ind2=' ' tag='022'>
        <subfield code='a'>1720-190X</subfield>
        <subfield code='l'>1720-190X</subfield>
      </datafield>
      <datafield ind1=' ' ind2=' ' tag='035'>
        <subfield code='z'>232638318</subfield>
      </datafield>
      <datafield ind1=' ' ind2=' ' tag='040'>
        <subfield code='a'>TXA</subfield>
        <subfield code='b'>eng</subfield>
        <subfield code='c'>TXA</subfield>
        <subfield code='d'>TXA</subfield>
        <subfield code='d'>DLC</subfield>
        <subfield code='d'>OCLCQ</subfield>
        <subfield code='d'>OCLCO</subfield>
        <subfield code='d'>OCLCQ</subfield>
        <subfield code='d'>OCLCF</subfield>
        <subfield code='d'>OCLCA</subfield>
        <subfield code='d'>CUS</subfield>
        <subfield code='d'>OCLCO</subfield>
        <subfield code='d'>CUS</subfield>
        <subfield code='d'>OCL</subfield>
        <subfield code='d'>OCLCQ</subfield>
        <subfield code='d'>WaSeSS</subfield>
      </datafield>
      <datafield ind1=' ' ind2=' ' tag='042'>
        <subfield code='a'>pcc</subfield>
      </datafield>
      <datafield ind1=' ' ind2=' ' tag='043'>
        <subfield code='a'>e-it---</subfield>
      </datafield>
      <datafield ind1='1' ind2='4' tag='050'>
        <subfield code='a'>D13</subfield>
        <subfield code='b'>.S766</subfield>
      </datafield>
      <datafield ind1='0' ind2=' ' tag='130'>
        <subfield code='a'>Storia e futuro (Online)</subfield>
      </datafield>
      <datafield ind1='0' ind2=' ' tag='210'>
        <subfield code='a'>Stor. Futuro</subfield>
      </datafield>
      <datafield ind1=' ' ind2='0' tag='222'>
        <subfield code='a'>Storia e Futuro</subfield>
      </datafield>
      <datafield ind1='1' ind2='0' tag='245'>
        <subfield code='a'>Storia e futuro</subfield>
        <subfield code='h'>[electronic resource].</subfield>
      </datafield>
      <datafield ind1=' ' ind2=' ' tag='260'>
        <subfield code='a'>[Italy] :</subfield>
        <subfield code='b'>[Luxor],</subfield>
        <subfield code='c'>[2002]-</subfield>
      </datafield>
      <datafield ind1=' ' ind2=' ' tag='310'>
        <subfield code='a'>Annual</subfield>
      </datafield>
      <datafield ind1='1' ind2=' ' tag='362'>
        <subfield code='a'>Began with: No 1 (apr. 2002).</subfield>
      </datafield>
      <datafield ind1=' ' ind2=' ' tag='500'>
        <subfield code='a'>&quot;Rivista di storia e storiografia.&quot;</subfield>
      </datafield>
      <datafield ind1=' ' ind2=' ' tag='550'>
        <subfield code='a'>Con il contributo di: Centro studi storia del lavoro, Centro interuniversitario per la storia del cambiamento sociale e dell&apos;innovazione.</subfield>
      </datafield>
      <datafield ind1=' ' ind2=' ' tag='588'>
        <subfield code='a'>Description based on first issue; title from issue header (storiaefuturo.com, viewed June 25, 2008).</subfield>
      </datafield>
      <datafield ind1=' ' ind2=' ' tag='588'>
        <subfield code='a'>Latest issue consulted: No 17 (giug. 2008) (viewed June 25, 2008).</subfield>
      </datafield>
      <datafield ind1=' ' ind2='0' tag='650'>
        <subfield code='a'>Historiography</subfield>
        <subfield code='v'>Periodicals.</subfield>
      </datafield>
      <datafield ind1=' ' ind2='0' tag='650'>
        <subfield code='a'>Historiography</subfield>
        <subfield code='z'>Italy</subfield>
        <subfield code='v'>Periodicals.</subfield>
      </datafield>
      <datafield ind1=' ' ind2='0' tag='650'>
        <subfield code='a'>History</subfield>
        <subfield code='v'>Periodicals.</subfield>
      </datafield>
      <datafield ind1=' ' ind2='7' tag='650'>
        <subfield code='a'>Historiography.</subfield>
        <subfield code='2'>fast</subfield>
        <subfield code='0'>(OCoLC)fst00958221</subfield>
      </datafield>
      <datafield ind1=' ' ind2='7' tag='650'>
        <subfield code='a'>History.</subfield>
        <subfield code='2'>fast</subfield>
        <subfield code='0'>(OCoLC)fst00958235</subfield>
      </datafield>
      <datafield ind1='1' ind2='7' tag='650'>
        <subfield code='a'>Geschiedschrijving.</subfield>
        <subfield code='2'>gtt</subfield>
      </datafield>
      <datafield ind1=' ' ind2='7' tag='651'>
        <subfield code='a'>Italy.</subfield>
        <subfield code='2'>fast</subfield>
        <subfield code='0'>(OCoLC)fst01204565</subfield>
      </datafield>
      <datafield ind1=' ' ind2='0' tag='655'>
        <subfield code='a'>Electronic journals.</subfield>
      </datafield>
      <datafield ind1='2' ind2=' ' tag='710'>
        <subfield code='a'>Centro studi per la storia del lavoro e delle comunità territoriali.</subfield>
      </datafield>
      <datafield ind1='2' ind2=' ' tag='710'>
        <subfield code='a'>Centro interuniversitario per la storia del cambiamento sociale e dell&apos;innovazione.</subfield>
      </datafield>
      <datafield ind1='4' ind2='0' tag='856'>
        <subfield code='y'>Full text available via the UNC-Chapel Hill Libraries</subfield>
        <subfield code='u'>http://VB3LK7EB4T.search.serialssolutions.com/?V=1.0&amp;L=VB3LK7EB4T&amp;S=JCs&amp;C=STEFU&amp;T=marc</subfield>
        <subfield code='x'>Directory of Open Access Journals</subfield>
      </datafield>
      <datafield ind1='4' ind2='0' tag='907'>
        <subfield code='a'>b5894404</subfield>
      </datafield>
      <datafield ind1='9' ind2='2' tag='999'>
        <subfield code='a'>c4784217</subfield>
        <subfield code='b'>erri</subfield>
        <subfield code='c'>0</subfield>
      </datafield>
  </record>