
  <record>
    <leader>00000cam  22003254a 4500</leader>
      <controlfield tag='008'>020913s2004    nyu      b    001 0 eng  </controlfield>
      <controlfield tag='001'>50645713</controlfield>
      <controlfield tag='005'>20040707163157.0</controlfield>
      <datafield ind1=' ' ind2=' ' tag='010'>
        <subfield code='a'>2002034908</subfield>
      </datafield>
      <datafield ind1=' ' ind2=' ' tag='020'>
        <subfield code='a'>0820463221 (alk. paper)</subfield>
      </datafield>
      <datafield ind1=' ' ind2=' ' tag='040'>
        <subfield code='a'>DLC</subfield>
        <subfield code='c'>DLC</subfield>
        <subfield code='d'>NOC</subfield>
      </datafield>
      <datafield ind1=' ' ind2=' ' tag='042'>
        <subfield code='a'>pcc</subfield>
      </datafield>
      <datafield ind1=' ' ind2=' ' tag='043'>
        <subfield code='a'>n-mx---</subfield>
      </datafield>
      <datafield ind1='0' ind2='0' tag='050'>
        <subfield code='a'>F1219</subfield>
        <subfield code='b'>.S98 2004</subfield>
      </datafield>
      <datafield ind1='0' ind2='0' tag='082'>
        <subfield code='a'>305.897/072</subfield>
        <subfield code='2'>21</subfield>
      </datafield>
      <datafield ind1='1' ind2=' ' tag='100'>
        <subfield code='a'>Swarthout, Kelley R.,</subfield>
        <subfield code='d'>1960-</subfield>
      </datafield>
      <datafield ind1='1' ind2='0' tag='245'>
        <subfield code='a'>Assimilating the primitive :</subfield>
        <subfield code='b'>parallel dialogues on racial miscegenation in revolutionary Mexico /</subfield>
        <subfield code='c'>Kelley R. Swarthout.</subfield>
      </datafield>
      <datafield ind1=' ' ind2=' ' tag='260'>
        <subfield code='a'>New York :</subfield>
        <subfield code='b'>P. Lang,</subfield>
        <subfield code='c'>c2004.</subfield>
      </datafield>
      <datafield ind1=' ' ind2=' ' tag='300'>
        <subfield code='a'>179 p. ;</subfield>
        <subfield code='c'>24 cm.</subfield>
      </datafield>
      <datafield ind1=' ' ind2=' ' tag='504'>
        <subfield code='a'>Includes bibliographical references (p. [161]-170) and index.</subfield>
      </datafield>
      <datafield ind1=' ' ind2='0' tag='650'>
        <subfield code='a'>Indians of Mexico</subfield>
        <subfield code='x'>Public opinion.</subfield>
      </datafield>
      <datafield ind1=' ' ind2='0' tag='650'>
        <subfield code='a'>Public opinion</subfield>
        <subfield code='z'>Mexico.</subfield>
      </datafield>
      <datafield ind1=' ' ind2='0' tag='650'>
        <subfield code='a'>Mestizaje</subfield>
        <subfield code='z'>Mexico</subfield>
        <subfield code='x'>History.</subfield>
      </datafield>
      <datafield ind1=' ' ind2='0' tag='650'>
        <subfield code='a'>Nationalism</subfield>
        <subfield code='z'>Mexico</subfield>
        <subfield code='x'>History</subfield>
        <subfield code='y'>20th century.</subfield>
      </datafield>
      <datafield ind1=' ' ind2='0' tag='650'>
        <subfield code='a'>Vitalism.</subfield>
      </datafield>
      <datafield ind1=' ' ind2='0' tag='650'>
        <subfield code='a'>Science</subfield>
        <subfield code='x'>Philosophy.</subfield>
      </datafield>
      <datafield ind1=' ' ind2='0' tag='651'>
        <subfield code='a'>Mexico</subfield>
        <subfield code='x'>Social conditions.</subfield>
      </datafield>
      <datafield ind1=' ' ind2='0' tag='830'>
        <subfield code='a'>Latin America (Peter Lang Publishing) ;</subfield>
        <subfield code='v'>v. 8.</subfield>
      </datafield>
      <datafield ind1=' ' ind2=' ' tag='907'>
        <subfield code='a'>b4463670</subfield>
      </datafield>
      <datafield ind1='9' ind2='1' tag='999'>
        <subfield code='i'>i6073584</subfield>
        <subfield code='l'>ddda</subfield>
        <subfield code='s'>-</subfield>
        <subfield code='t'>0</subfield>
        <subfield code='c'>1</subfield>
        <subfield code='o'>3</subfield>
        <subfield code='b'>00024070103</subfield>
        <subfield code='p'>090</subfield>
        <subfield code='q'>|aF1219 .S98 2004</subfield>
      </datafield>
  </record>