
  <record>
    <leader>00000nas  2200205I  4500</leader>
      <controlfield tag='008'>790411c1uuu9999kyuuu p  c   s0    0eng d</controlfield>
      <controlfield tag='001'>4847106</controlfield>
      <controlfield tag='005'>20010823114129.0</controlfield>
      <datafield ind1=' ' ind2=' ' tag='040'>
        <subfield code='a'>KMS</subfield>
        <subfield code='c'>KMS</subfield>
        <subfield code='d'>NOC</subfield>
      </datafield>
      <datafield ind1='2' ind2=' ' tag='110'>
        <subfield code='a'>University of Kentucky.</subfield>
        <subfield code='b'>Audio-Visual Services.</subfield>
      </datafield>
      <datafield ind1='1' ind2='0' tag='245'>
        <subfield code='a'>Educational films for university, school &amp; community</subfield>
        <subfield code='h'>[serial].</subfield>
      </datafield>
      <datafield ind1='1' ind2='0' tag='247'>
        <subfield code='a'>Educational motion pictures for school and community.</subfield>
      </datafield>
      <datafield ind1=' ' ind2=' ' tag='260'>
        <subfield code='a'>Lexington.</subfield>
      </datafield>
      <datafield ind1=' ' ind2=' ' tag='300'>
        <subfield code='c'>28 cm.</subfield>
      </datafield>
      <datafield ind1='0' ind2=' ' tag='362'>
        <subfield code='a'>v.</subfield>
      </datafield>
      <datafield ind1=' ' ind2='0' tag='650'>
        <subfield code='a'>Motion pictures</subfield>
        <subfield code='v'>Catalogs.</subfield>
      </datafield>
      <datafield ind1=' ' ind2=' ' tag='907'>
        <subfield code='a'>b4035456</subfield>
      </datafield>
      <datafield ind1='9' ind2='1' tag='999'>
        <subfield code='i'>i5545942</subfield>
        <subfield code='l'>trln</subfield>
        <subfield code='s'>-</subfield>
        <subfield code='t'>3</subfield>
        <subfield code='c'>1</subfield>
        <subfield code='o'>0</subfield>
        <subfield code='b'>00027458171</subfield>
        <subfield code='p'>092</subfield>
        <subfield code='q'>|a371.335|bK37e</subfield>
        <subfield code='v'>1957/1958</subfield>
      </datafield>
      <datafield ind1='9' ind2='2' tag='999'>
        <subfield code='a'>c4135431</subfield>
        <subfield code='b'>trln</subfield>
        <subfield code='c'>0</subfield>
      </datafield>
      <datafield ind1='9' ind2='3' tag='999'>
        <subfield code='0'>c4135431</subfield>
        <subfield code='2'>852</subfield>
        <subfield code='3'>c</subfield>
        <subfield code='b'>555541</subfield>
        <subfield code='h'>371.335</subfield>
        <subfield code='i'>K37e</subfield>
        <subfield code='x'>**</subfield>
        <subfield code='x'>rcp3790</subfield>
      </datafield>
      <datafield ind1='9' ind2='3' tag='999'>
        <subfield code='0'>c4135431</subfield>
        <subfield code='2'>853</subfield>
        <subfield code='3'>y</subfield>
        <subfield code='8'>1</subfield>
        <subfield code='a'>(year)</subfield>
      </datafield>
      <datafield ind1='9' ind2='3' tag='999'>
        <subfield code='0'>c4135431</subfield>
        <subfield code='2'>866</subfield>
        <subfield code='3'>h</subfield>
        <subfield code='8'>1</subfield>
        <subfield code='a'>1957/1958</subfield>
      </datafield>
  </record>