
  <record>
    <leader>00000cam  2200397 a 4500</leader>
      <controlfield tag='006'>m        d</controlfield>
      <controlfield tag='008'>050110s2004    nyua     b    101 0 eng c</controlfield>
      <controlfield tag='001'>57394646</controlfield>
      <controlfield tag='003'>OCoLC</controlfield>
      <controlfield tag='005'>20050523105416.0</controlfield>
      <datafield ind1=' ' ind2=' ' tag='020'>
        <subfield code='a'>0735402221</subfield>
      </datafield>
      <datafield ind1=' ' ind2=' ' tag='035'>
        <subfield code='a'>(OCoLC)57394646</subfield>
      </datafield>
      <datafield ind1=' ' ind2=' ' tag='040'>
        <subfield code='a'>CUI</subfield>
        <subfield code='c'>CUI</subfield>
        <subfield code='d'>OCLCQ</subfield>
        <subfield code='d'>IXA</subfield>
        <subfield code='d'>IQU</subfield>
      </datafield>
      <datafield ind1=' ' ind2=' ' tag='042'>
        <subfield code='a'>pcc</subfield>
      </datafield>
      <datafield ind1=' ' ind2=' ' tag='049'>
        <subfield code='a'>NOCm</subfield>
      </datafield>
      <datafield ind1=' ' ind2='4' tag='050'>
        <subfield code='a'>TK1087</subfield>
        <subfield code='b'>.C65 2004</subfield>
      </datafield>
      <datafield ind1='2' ind2=' ' tag='111'>
        <subfield code='a'>Conference on Thermophotovoltaic Generation of Electricity</subfield>
        <subfield code='n'>(6th :</subfield>
        <subfield code='d'>2004 :</subfield>
        <subfield code='c'>Freiberg, Germany)</subfield>
      </datafield>
      <datafield ind1='1' ind2='0' tag='245'>
        <subfield code='a'>Thermophotovoltaic generation of electricity :</subfield>
        <subfield code='b'>Sixth Conference on Thermophotovoltaic Generation of Electricity, TPV6, Freiburg, Germany, 14-16 June, 2004 /</subfield>
        <subfield code='c'>editors, Ashok Gopinath, Timothy J. Coutts, Joachim Luther ; sponsoring organizations, Naval Sea Systems Command, USA ... [et al.].</subfield>
      </datafield>
      <datafield ind1='3' ind2='0' tag='246'>
        <subfield code='a'>TPV6</subfield>
      </datafield>
      <datafield ind1=' ' ind2=' ' tag='260'>
        <subfield code='a'>Melville, N.Y. :</subfield>
        <subfield code='b'>American Institute of Physics,</subfield>
        <subfield code='c'>2004.</subfield>
      </datafield>
      <datafield ind1=' ' ind2=' ' tag='300'>
        <subfield code='a'>xiii, 491 p. :</subfield>
        <subfield code='b'>ill. ;</subfield>
        <subfield code='c'>24 cm.</subfield>
      </datafield>
      <datafield ind1=' ' ind2=' ' tag='504'>
        <subfield code='a'>Includes bibliographical references and index.</subfield>
      </datafield>
      <datafield ind1='0' ind2=' ' tag='505'>
        <subfield code='a'>Invited conference keynote: A retrospective of four decades of military interest in thermovoltaics / G. Guazzoni and S. Matthews -- Systems and modeling -- Emitters and filters -- Cell technologies.</subfield>
      </datafield>
      <datafield ind1=' ' ind2='0' tag='650'>
        <subfield code='a'>Photovoltaic power generation</subfield>
        <subfield code='v'>Congresses.</subfield>
      </datafield>
      <datafield ind1=' ' ind2='0' tag='650'>
        <subfield code='a'>Thermoelectricity</subfield>
        <subfield code='v'>Congresses.</subfield>
      </datafield>
      <datafield ind1=' ' ind2='0' tag='650'>
        <subfield code='a'>Thermoelectric apparatus and appliances</subfield>
        <subfield code='v'>Congresses.</subfield>
      </datafield>
      <datafield ind1=' ' ind2='0' tag='650'>
        <subfield code='a'>Photovoltaic cells</subfield>
        <subfield code='v'>Congresses.</subfield>
      </datafield>
      <datafield ind1='1' ind2=' ' tag='700'>
        <subfield code='a'>Gopinath, A.</subfield>
        <subfield code='q'>(Ashok),</subfield>
        <subfield code='d'>1964-</subfield>
      </datafield>
      <datafield ind1='1' ind2=' ' tag='700'>
        <subfield code='a'>Coutts, T. J.</subfield>
        <subfield code='q'>(Timothy J.)</subfield>
      </datafield>
      <datafield ind1='1' ind2=' ' tag='700'>
        <subfield code='a'>Luther, J.</subfield>
        <subfield code='q'>(Joachim)</subfield>
      </datafield>
      <datafield ind1='1' ind2=' ' tag='710'>
        <subfield code='a'>United States.</subfield>
        <subfield code='b'>Naval Sea Systems Command.</subfield>
      </datafield>
      <datafield ind1=' ' ind2='0' tag='830'>
        <subfield code='a'>AIP conference proceedings ;</subfield>
        <subfield code='v'>no. 738.</subfield>
      </datafield>
      <datafield ind1=' ' ind2=' ' tag='907'>
        <subfield code='a'>b4729167</subfield>
      </datafield>
      <datafield ind1='9' ind2='1' tag='999'>
        <subfield code='i'>i6220529</subfield>
        <subfield code='l'>trln</subfield>
        <subfield code='s'>-</subfield>
        <subfield code='t'>0</subfield>
        <subfield code='c'>1</subfield>
        <subfield code='o'>1</subfield>
        <subfield code='b'>00024870052</subfield>
        <subfield code='p'>050</subfield>
        <subfield code='q'>|aTK1087|b.C65 2004</subfield>
      </datafield>
  </record>