
  <record>
    <leader>00000cam a2200265Ia 4500</leader>
      <controlfield tag='008'>980825s1997    sp       b    000 0 spa d</controlfield>
      <controlfield tag='001'>39741412</controlfield>
      <controlfield tag='005'>19990108150959.0</controlfield>
      <datafield ind1=' ' ind2=' ' tag='020'>
        <subfield code='a'>8441402663</subfield>
      </datafield>
      <datafield ind1=' ' ind2=' ' tag='040'>
        <subfield code='a'>VVC</subfield>
        <subfield code='c'>VVC</subfield>
        <subfield code='d'>PL#</subfield>
        <subfield code='d'>NOC</subfield>
      </datafield>
      <datafield ind1='1' ind2=' ' tag='100'>
        <subfield code='a'>Larra, Mariano José de,</subfield>
        <subfield code='d'>1809-1837.</subfield>
      </datafield>
      <datafield ind1='1' ind2='0' tag='245'>
        <subfield code='a'>Artículos de costumbres /</subfield>
        <subfield code='c'>Mariano José de Larra ; selección y prólogo de Pedro Provencio.</subfield>
      </datafield>
      <datafield ind1=' ' ind2=' ' tag='260'>
        <subfield code='a'>Madrid :</subfield>
        <subfield code='b'>EDAF,</subfield>
        <subfield code='c'>c1997.</subfield>
      </datafield>
      <datafield ind1=' ' ind2=' ' tag='300'>
        <subfield code='a'>446 p. ;</subfield>
        <subfield code='c'>18 cm.</subfield>
      </datafield>
      <datafield ind1=' ' ind2=' ' tag='504'>
        <subfield code='a'>Includes bibliographical references (p. 39)</subfield>
      </datafield>
      <datafield ind1='1' ind2=' ' tag='700'>
        <subfield code='a'>Provencio, Pedro.</subfield>
      </datafield>
      <datafield ind1=' ' ind2='0' tag='830'>
        <subfield code='a'>Biblioteca EDAF ;</subfield>
        <subfield code='v'>220.</subfield>
      </datafield>
      <datafield ind1=' ' ind2=' ' tag='907'>
        <subfield code='a'>b3191423</subfield>
      </datafield>
      <datafield ind1='9' ind2='1' tag='999'>
        <subfield code='i'>i4533061</subfield>
        <subfield code='l'>ddda</subfield>
        <subfield code='s'>-</subfield>
        <subfield code='t'>0</subfield>
        <subfield code='c'>1</subfield>
        <subfield code='o'>11</subfield>
        <subfield code='b'>00015781316</subfield>
        <subfield code='p'>090</subfield>
        <subfield code='q'>|aPQ6533 .A8 1997</subfield>
      </datafield>
  </record>