
  <record>
    <leader>00000cam  2200325 a 4500</leader>
      <controlfield tag='008'>100622s2010    onc           000 p eng  </controlfield>
      <controlfield tag='001'>643663109</controlfield>
      <controlfield tag='003'>OCoLC</controlfield>
      <controlfield tag='005'>20101201165010.8</controlfield>
      <datafield ind1=' ' ind2=' ' tag='020'>
        <subfield code='a'>9781550713190</subfield>
      </datafield>
      <datafield ind1=' ' ind2=' ' tag='020'>
        <subfield code='a'>1550713191</subfield>
      </datafield>
      <datafield ind1=' ' ind2=' ' tag='035'>
        <subfield code='a'>(OCoLC)643663109</subfield>
      </datafield>
      <datafield ind1=' ' ind2=' ' tag='040'>
        <subfield code='a'>NLC</subfield>
        <subfield code='b'>eng</subfield>
        <subfield code='c'>NLC</subfield>
        <subfield code='d'>CDX</subfield>
        <subfield code='d'>NhCcYBP</subfield>
      </datafield>
      <datafield ind1=' ' ind2='4' tag='050'>
        <subfield code='a'>PR9199.3.L3</subfield>
        <subfield code='b'>A45 2010</subfield>
      </datafield>
      <datafield ind1=' ' ind2='0' tag='055'>
        <subfield code='a'>PS8573 A55</subfield>
        <subfield code='b'>A45 2010</subfield>
      </datafield>
      <datafield ind1='0' ind2='0' tag='055'>
        <subfield code='a'>PS8573 A55</subfield>
        <subfield code='b'>A85 2010</subfield>
      </datafield>
      <datafield ind1='0' ind2='4' tag='082'>
        <subfield code='a'>C811/.54</subfield>
        <subfield code='2'>22</subfield>
      </datafield>
      <datafield ind1='1' ind2=' ' tag='100'>
        <subfield code='a'>Lane, M. Travis</subfield>
        <subfield code='q'>(Millicent Travis),</subfield>
        <subfield code='d'>1934-</subfield>
      </datafield>
      <datafield ind1='1' ind2='4' tag='245'>
        <subfield code='a'>The all nighter&apos;s radio /</subfield>
        <subfield code='c'>M. Travis Lane.</subfield>
      </datafield>
      <datafield ind1=' ' ind2=' ' tag='250'>
        <subfield code='a'>1st ed.</subfield>
      </datafield>
      <datafield ind1=' ' ind2=' ' tag='260'>
        <subfield code='a'>Toronto ;</subfield>
        <subfield code='a'>Buffalo [N.Y.] :</subfield>
        <subfield code='b'>Guernica,</subfield>
        <subfield code='c'>2010.</subfield>
      </datafield>
      <datafield ind1=' ' ind2=' ' tag='300'>
        <subfield code='a'>142 p. ;</subfield>
        <subfield code='c'>21 cm.</subfield>
      </datafield>
      <datafield ind1=' ' ind2=' ' tag='500'>
        <subfield code='a'>Poems.</subfield>
      </datafield>
      <datafield ind1=' ' ind2='0' tag='830'>
        <subfield code='a'>Essential poets ;</subfield>
        <subfield code='v'>173.</subfield>
      </datafield>
      <datafield ind1=' ' ind2=' ' tag='907'>
        <subfield code='a'>b6535855</subfield>
      </datafield>
      <datafield ind1='9' ind2='1' tag='999'>
        <subfield code='i'>i8568486</subfield>
        <subfield code='l'>ddda</subfield>
        <subfield code='s'>-</subfield>
        <subfield code='t'>0</subfield>
        <subfield code='c'>1</subfield>
        <subfield code='o'>0</subfield>
        <subfield code='b'>00038024306</subfield>
        <subfield code='p'>050</subfield>
        <subfield code='q'>|aPR9199.3.L3|bA45 2010</subfield>
      </datafield>
  </record>