
  <record>
    <leader>00000cam  2200385Ia 4500</leader>
      <controlfield tag='008'>981123r18861886ncu           000 0 eng d</controlfield>
      <controlfield tag='001'>40383378</controlfield>
      <controlfield tag='003'>OCoLC</controlfield>
      <controlfield tag='005'>20081022035830.0</controlfield>
      <datafield ind1=' ' ind2=' ' tag='035'>
        <subfield code='a'>(OCoLC)40383378</subfield>
      </datafield>
      <datafield ind1=' ' ind2=' ' tag='040'>
        <subfield code='a'>NDD</subfield>
        <subfield code='c'>NDD</subfield>
        <subfield code='d'>OCLCQ</subfield>
        <subfield code='d'>NOC</subfield>
      </datafield>
      <datafield ind1=' ' ind2=' ' tag='043'>
        <subfield code='a'>n-us-nc</subfield>
      </datafield>
      <datafield ind1=' ' ind2=' ' tag='049'>
        <subfield code='a'>NODB</subfield>
      </datafield>
      <datafield ind1='1' ind2=' ' tag='100'>
        <subfield code='a'>Ashe, Samuel A.</subfield>
        <subfield code='q'>(Samuel A&apos;Court),</subfield>
        <subfield code='d'>1840-1938.</subfield>
      </datafield>
      <datafield ind1='1' ind2='2' tag='245'>
        <subfield code='a'>A chapter of North Carolina history revised.</subfield>
      </datafield>
      <datafield ind1=' ' ind2=' ' tag='260'>
        <subfield code='a'>[Raleigh? N.C. :</subfield>
        <subfield code='b'>Ashe, Gatling &amp; Co.?,</subfield>
        <subfield code='c'>1886?]</subfield>
      </datafield>
      <datafield ind1=' ' ind2=' ' tag='300'>
        <subfield code='a'>10 p. ;</subfield>
        <subfield code='c'>22 cm.</subfield>
      </datafield>
      <datafield ind1=' ' ind2=' ' tag='500'>
        <subfield code='a'>Caption title.</subfield>
      </datafield>
      <datafield ind1=' ' ind2=' ' tag='500'>
        <subfield code='a'>Authorship attributed to S.A. Ashe.</subfield>
      </datafield>
      <datafield ind1=' ' ind2=' ' tag='500'>
        <subfield code='a'>[Reprinted] &quot;from News and Observer of December 31, 1886&quot;--Beneath title.</subfield>
      </datafield>
      <datafield ind1=' ' ind2=' ' tag='500'>
        <subfield code='a'>Printed in two columns.</subfield>
      </datafield>
      <datafield ind1=' ' ind2='0' tag='650'>
        <subfield code='a'>Freedom of religion</subfield>
        <subfield code='z'>North Carolina</subfield>
        <subfield code='x'>History.</subfield>
      </datafield>
      <datafield ind1=' ' ind2='0' tag='651'>
        <subfield code='a'>North Carolina</subfield>
        <subfield code='x'>History</subfield>
        <subfield code='y'>Colonial period, ca. 1600-1775.</subfield>
      </datafield>
      <datafield ind1=' ' ind2=' ' tag='691'>
        <subfield code='a'>North Carolina</subfield>
        <subfield code='z'>Albemarle and Pamlico section</subfield>
        <subfield code='x'>History.</subfield>
      </datafield>
      <datafield ind1=' ' ind2=' ' tag='691'>
        <subfield code='a'>North Carolina</subfield>
        <subfield code='x'>Church history</subfield>
        <subfield code='x'>Society of Friends.</subfield>
      </datafield>
      <datafield ind1=' ' ind2=' ' tag='691'>
        <subfield code='a'>North Carolina</subfield>
        <subfield code='x'>Church history</subfield>
        <subfield code='x'>Episcopal.</subfield>
      </datafield>
      <datafield ind1=' ' ind2=' ' tag='907'>
        <subfield code='a'>b5760064</subfield>
      </datafield>
      <datafield ind1='9' ind2='1' tag='999'>
        <subfield code='i'>i7562202</subfield>
        <subfield code='l'>wbda</subfield>
        <subfield code='s'>o</subfield>
        <subfield code='t'>0</subfield>
        <subfield code='c'>1</subfield>
        <subfield code='o'>0</subfield>
        <subfield code='b'>00032220427</subfield>
        <subfield code='p'>099</subfield>
        <subfield code='q'>|aCp970.2|aA82c</subfield>
      </datafield>
      <datafield ind1='9' ind2='1' tag='999'>
        <subfield code='i'>i7562203</subfield>
        <subfield code='l'>wbda</subfield>
        <subfield code='s'>o</subfield>
        <subfield code='t'>0</subfield>
        <subfield code='c'>2</subfield>
        <subfield code='o'>0</subfield>
        <subfield code='b'>00032220212</subfield>
        <subfield code='p'>099</subfield>
        <subfield code='q'>|aCp970.2|aA82c</subfield>
        <subfield code='n'>With author&apos;s inscription.</subfield>
      </datafield>
      <datafield ind1='9' ind2='2' tag='999'>
        <subfield code='a'>c4704104</subfield>
        <subfield code='b'>wbda</subfield>
        <subfield code='c'>0</subfield>
      </datafield>
      <datafield ind1='9' ind2='3' tag='999'>
        <subfield code='0'>c4704104</subfield>
        <subfield code='2'>852</subfield>
        <subfield code='3'>c</subfield>
        <subfield code='h'>Cp970.2</subfield>
        <subfield code='i'>A82c</subfield>
      </datafield>
      <datafield ind1='9' ind2='3' tag='999'>
        <subfield code='0'>c4704104</subfield>
        <subfield code='2'>852</subfield>
        <subfield code='3'>e</subfield>
        <subfield code='t'>1</subfield>
        <subfield code='x'>tsa</subfield>
      </datafield>
      <datafield ind1='9' ind2='3' tag='999'>
        <subfield code='0'>c4704104</subfield>
        <subfield code='2'>852</subfield>
        <subfield code='3'>e</subfield>
        <subfield code='t'>2</subfield>
        <subfield code='x'>tsa</subfield>
        <subfield code='z'>With author&apos;s inscription.</subfield>
      </datafield>
  </record>