
  <record>
    <leader>00000cam a2200289I  4500</leader>
      <controlfield tag='008'>770830s1930    sp            000 0bspa  </controlfield>
      <controlfield tag='001'>3228121</controlfield>
      <controlfield tag='005'>19950928172800.0</controlfield>
      <datafield ind1=' ' ind2=' ' tag='010'>
        <subfield code='a'>33015762</subfield>
      </datafield>
      <datafield ind1=' ' ind2=' ' tag='040'>
        <subfield code='a'>DLC</subfield>
        <subfield code='c'>MDY</subfield>
        <subfield code='d'>IXA</subfield>
      </datafield>
      <datafield ind1='0' ind2=' ' tag='050'>
        <subfield code='a'>PQ6392</subfield>
        <subfield code='b'>.A7</subfield>
      </datafield>
      <datafield ind1='1' ind2=' ' tag='100'>
        <subfield code='a'>Arce de Vázquez, Margot.</subfield>
      </datafield>
      <datafield ind1='1' ind2='0' tag='245'>
        <subfield code='a'>Garcilaso de la Vega,</subfield>
        <subfield code='b'>contribución al estudio de la lírica española del siglo XVI,</subfield>
        <subfield code='c'>por Margot Arce Blanco.</subfield>
      </datafield>
      <datafield ind1=' ' ind2=' ' tag='260'>
        <subfield code='a'>Madrid,</subfield>
        <subfield code='b'>Impr. de la Librería y casa editorial Hernando (s.a.)</subfield>
        <subfield code='c'>1930.</subfield>
      </datafield>
      <datafield ind1=' ' ind2=' ' tag='300'>
        <subfield code='a'>140 p.</subfield>
        <subfield code='c'>25 cm.</subfield>
      </datafield>
      <datafield ind1=' ' ind2=' ' tag='500'>
        <subfield code='a'>At head of title: Junta para ampliación de estudios.--Centro de estudios históricos.</subfield>
      </datafield>
      <datafield ind1=' ' ind2=' ' tag='504'>
        <subfield code='a'>&quot;Bibliografía&quot;: p. [137]-140.</subfield>
      </datafield>
      <datafield ind1='1' ind2='0' tag='600'>
        <subfield code='a'>Vega, Garcilaso de la,</subfield>
        <subfield code='d'>1503-1536.</subfield>
      </datafield>
      <datafield ind1=' ' ind2='0' tag='830'>
        <subfield code='a'>Revista de filología española.</subfield>
        <subfield code='p'>Anejo ;</subfield>
        <subfield code='v'>13.</subfield>
      </datafield>
      <datafield ind1=' ' ind2=' ' tag='907'>
        <subfield code='a'>b2752154</subfield>
      </datafield>
      <datafield ind1='9' ind2='1' tag='999'>
        <subfield code='i'>i3955975</subfield>
        <subfield code='l'>trln</subfield>
        <subfield code='s'>-</subfield>
        <subfield code='t'>0</subfield>
        <subfield code='c'>1</subfield>
        <subfield code='o'>4</subfield>
        <subfield code='b'>10000521035</subfield>
        <subfield code='p'>092</subfield>
        <subfield code='q'>|a861 G213zAr</subfield>
      </datafield>
  </record>