
  <record>
    <leader>00000cam  2200157Ii 4500</leader>
      <controlfield tag='008'>790315c1974    po a          000 0 por d</controlfield>
      <controlfield tag='001'>4747632</controlfield>
      <controlfield tag='005'>19790930000000.0</controlfield>
      <datafield ind1=' ' ind2=' ' tag='040'>
        <subfield code='a'>KKU</subfield>
        <subfield code='c'>KKU</subfield>
        <subfield code='d'>NOC</subfield>
      </datafield>
      <datafield ind1='1' ind2=' ' tag='100'>
        <subfield code='a'>Barros, Carlos Vitorino da Silva.</subfield>
      </datafield>
      <datafield ind1='1' ind2='0' tag='245'>
        <subfield code='a'>Portugal /</subfield>
        <subfield code='c'>por Carlos Vitorino da Silva Barros.</subfield>
      </datafield>
      <datafield ind1=' ' ind2=' ' tag='260'>
        <subfield code='a'>Lisboa :</subfield>
        <subfield code='b'>Edição Claras,</subfield>
        <subfield code='c'>c1974.</subfield>
      </datafield>
      <datafield ind1=' ' ind2=' ' tag='300'>
        <subfield code='a'>157 p. :</subfield>
        <subfield code='b'>chiefly col. ill. ;</subfield>
        <subfield code='c'>25 cm.</subfield>
      </datafield>
      <datafield ind1=' ' ind2=' ' tag='500'>
        <subfield code='a'>&quot;Fotografias do autor.&quot;</subfield>
      </datafield>
      <datafield ind1=' ' ind2='0' tag='651'>
        <subfield code='a'>Portugal</subfield>
        <subfield code='v'>Pictorial works.</subfield>
      </datafield>
      <datafield ind1=' ' ind2=' ' tag='907'>
        <subfield code='a'>b1596521</subfield>
      </datafield>
      <datafield ind1='9' ind2='1' tag='999'>
        <subfield code='i'>i2266621</subfield>
        <subfield code='l'>ddda</subfield>
        <subfield code='s'>-</subfield>
        <subfield code='t'>0</subfield>
        <subfield code='c'>1</subfield>
        <subfield code='o'>2</subfield>
        <subfield code='b'>00000026493</subfield>
        <subfield code='p'>090</subfield>
        <subfield code='q'>|aDP519 .B37</subfield>
      </datafield>
  </record>