
  <record>
    <leader>00000cam a2200277 a 4500</leader>
      <controlfield tag='008'>930323s1992    ctu      b    001 0 eng  </controlfield>
      <controlfield tag='001'>24952274</controlfield>
      <controlfield tag='005'>19930323000000.0</controlfield>
      <datafield ind1=' ' ind2=' ' tag='010'>
        <subfield code='a'>91044049</subfield>
      </datafield>
      <datafield ind1=' ' ind2=' ' tag='020'>
        <subfield code='a'>0313275092 (alk. paper)</subfield>
      </datafield>
      <datafield ind1=' ' ind2=' ' tag='040'>
        <subfield code='a'>DLC</subfield>
        <subfield code='c'>DLC</subfield>
        <subfield code='d'>NOC</subfield>
      </datafield>
      <datafield ind1=' ' ind2=' ' tag='043'>
        <subfield code='a'>fb-----</subfield>
      </datafield>
      <datafield ind1='0' ind2='0' tag='082'>
        <subfield code='a'>320/.072067</subfield>
        <subfield code='2'>20</subfield>
      </datafield>
      <datafield ind1='0' ind2='0' tag='245'>
        <subfield code='a'>Handbook of political science research on sub-Saharan Africa :</subfield>
        <subfield code='b'>trends from the 1960s to the 1990s /</subfield>
        <subfield code='c'>edited by Mark W. DeLancey.</subfield>
      </datafield>
      <datafield ind1=' ' ind2=' ' tag='260'>
        <subfield code='a'>Westport, Conn. :</subfield>
        <subfield code='b'>Greenwood Press,</subfield>
        <subfield code='c'>1992.</subfield>
      </datafield>
      <datafield ind1=' ' ind2=' ' tag='300'>
        <subfield code='a'>viii, 427 p. ;</subfield>
        <subfield code='c'>25 cm.</subfield>
      </datafield>
      <datafield ind1=' ' ind2=' ' tag='504'>
        <subfield code='a'>Includes bibliographical references and indexes.</subfield>
      </datafield>
      <datafield ind1=' ' ind2='0' tag='650'>
        <subfield code='a'>Political science</subfield>
        <subfield code='x'>Research</subfield>
        <subfield code='z'>Africa, Sub-Saharan.</subfield>
      </datafield>
      <datafield ind1=' ' ind2='0' tag='651'>
        <subfield code='a'>Africa, Sub-Saharan</subfield>
        <subfield code='x'>Politics and government</subfield>
        <subfield code='y'>1960-</subfield>
      </datafield>
      <datafield ind1='1' ind2=' ' tag='700'>
        <subfield code='a'>DeLancey, Mark W.,</subfield>
        <subfield code='d'>1939-</subfield>
      </datafield>
      <datafield ind1=' ' ind2=' ' tag='907'>
        <subfield code='a'>b2420842</subfield>
      </datafield>
      <datafield ind1='9' ind2='1' tag='999'>
        <subfield code='i'>i3474362</subfield>
        <subfield code='l'>trln</subfield>
        <subfield code='s'>-</subfield>
        <subfield code='t'>0</subfield>
        <subfield code='c'>1</subfield>
        <subfield code='o'>4</subfield>
        <subfield code='b'>00007081695</subfield>
        <subfield code='p'>090</subfield>
        <subfield code='q'>|aJA84.A337 H36 1992</subfield>
      </datafield>
  </record>