
  <record>
    <leader>00000cam  2200241Ia 4500</leader>
      <controlfield tag='008'>930329s1971    gw a     b    000 0 eng d</controlfield>
      <controlfield tag='001'>27822784</controlfield>
      <controlfield tag='005'>20041215104857.0</controlfield>
      <datafield ind1=' ' ind2=' ' tag='040'>
        <subfield code='a'>VXG</subfield>
        <subfield code='c'>VXG</subfield>
        <subfield code='d'>NOC</subfield>
      </datafield>
      <datafield ind1='0' ind2=' ' tag='041'>
        <subfield code='a'>eng</subfield>
        <subfield code='b'>freger</subfield>
      </datafield>
      <datafield ind1='0' ind2='0' tag='245'>
        <subfield code='a'>Botanica aquatica Africana.</subfield>
      </datafield>
      <datafield ind1=' ' ind2=' ' tag='260'>
        <subfield code='a'>Berlin ;</subfield>
        <subfield code='a'>New York :</subfield>
        <subfield code='b'>W. de Gruyter,</subfield>
        <subfield code='c'>1971.</subfield>
      </datafield>
      <datafield ind1=' ' ind2=' ' tag='300'>
        <subfield code='a'>70 p. :</subfield>
        <subfield code='b'>ill. ;</subfield>
        <subfield code='c'>30 cm.</subfield>
      </datafield>
      <datafield ind1=' ' ind2=' ' tag='500'>
        <subfield code='a'>Cover title.</subfield>
      </datafield>
      <datafield ind1=' ' ind2=' ' tag='500'>
        <subfield code='a'>Supplement 1 to Botanica marina, v. 14.</subfield>
      </datafield>
      <datafield ind1=' ' ind2=' ' tag='500'>
        <subfield code='a'>Summaries also in French and German.</subfield>
      </datafield>
      <datafield ind1=' ' ind2=' ' tag='504'>
        <subfield code='a'>Includes bibliographical references.</subfield>
      </datafield>
      <datafield ind1='0' ind2=' ' tag='505'>
        <subfield code='a'>Marine littoral diatoms from the Gordon&apos;s Bay region of False Bay, Cape Province, South Africa / Malcolm H. Giffen -- Diatoms from the Vaal Dam catchment area, Transvaal, South Africa / R.E.M. Archibald.</subfield>
      </datafield>
      <datafield ind1=' ' ind2='0' tag='650'>
        <subfield code='a'>Diatoms</subfield>
        <subfield code='z'>South Africa.</subfield>
      </datafield>
      <datafield ind1='0' ind2=' ' tag='730'>
        <subfield code='a'>Botanica marina.</subfield>
        <subfield code='n'>v. 14, Supplement 1.</subfield>
      </datafield>
      <datafield ind1=' ' ind2=' ' tag='907'>
        <subfield code='a'>b4554907</subfield>
      </datafield>
      <datafield ind1='9' ind2='1' tag='999'>
        <subfield code='i'>i6128171</subfield>
        <subfield code='l'>bbdb</subfield>
        <subfield code='s'>-</subfield>
        <subfield code='t'>0</subfield>
        <subfield code='c'>1</subfield>
        <subfield code='o'>0</subfield>
        <subfield code='b'>00025592369</subfield>
        <subfield code='p'>090</subfield>
        <subfield code='q'>|aQK569.D54 B6</subfield>
      </datafield>
  </record>