
  <record>
    <leader>00000nam  2200397 a 4500</leader>
      <controlfield tag='006'>m    f   d f</controlfield>
      <controlfield tag='008'>120713s1992    dcua    o    f000 0 eng d</controlfield>
      <controlfield tag='007'>cr bn nnnauuuu</controlfield>
      <controlfield tag='001'>ccn00358091</controlfield>
      <datafield ind1=' ' ind2=' ' tag='020'>
        <subfield code='z'>0160389909 (print)</subfield>
      </datafield>
      <datafield ind1=' ' ind2=' ' tag='043'>
        <subfield code='a'>n-us---</subfield>
        <subfield code='a'>a-vt---</subfield>
      </datafield>
      <datafield ind1=' ' ind2='4' tag='050'>
        <subfield code='a'>KF27</subfield>
        <subfield code='b'>.F638 1991f</subfield>
      </datafield>
      <datafield ind1=' ' ind2=' ' tag='074'>
        <subfield code='a'>1017-A</subfield>
      </datafield>
      <datafield ind1=' ' ind2=' ' tag='074'>
        <subfield code='a'>1017-B (MF)</subfield>
      </datafield>
      <datafield ind1='0' ind2=' ' tag='086'>
        <subfield code='a'>Y 4.F 76/1:P 93/20</subfield>
      </datafield>
      <datafield ind1='1' ind2=' ' tag='110'>
        <subfield code='a'>United States.</subfield>
        <subfield code='b'>Congress.</subfield>
        <subfield code='b'>House.</subfield>
        <subfield code='b'>Committee on Foreign Affairs.</subfield>
        <subfield code='b'>Subcommittee on Asian and Pacific Affairs.</subfield>
      </datafield>
      <datafield ind1='1' ind2='0' tag='245'>
        <subfield code='a'>Resolving the POW/MIA issue</subfield>
        <subfield code='h'>[electronic resource] :</subfield>
        <subfield code='b'>a status report : hearing before the Subcommittee on Asian and Pacific Affairs of the Committee on Foreign Affairs, House of Representatives, One Hundred Second Congress, first session, July 17, 1991.</subfield>
      </datafield>
      <datafield ind1='3' ind2=' ' tag='246'>
        <subfield code='a'>Resolving the POW, MIA issue</subfield>
      </datafield>
      <datafield ind1='3' ind2=' ' tag='246'>
        <subfield code='a'>Resolving the prisoners of war/missing in action issue</subfield>
      </datafield>
      <datafield ind1=' ' ind2=' ' tag='260'>
        <subfield code='a'>Washington :</subfield>
        <subfield code='b'>U.S. G.P.O. :</subfield>
        <subfield code='b'>For sale by the U.S. G.P.O., Supt. of Docs., Congressional Sales Office,</subfield>
        <subfield code='c'>1992.</subfield>
      </datafield>
      <datafield ind1=' ' ind2='1' tag='264'>
        <subfield code='a'>[Buffalo, NY] :</subfield>
        <subfield code='b'>William S. Hein &amp; Co.,</subfield>
        <subfield code='c'>[2012]</subfield>
      </datafield>
      <datafield ind1=' ' ind2=' ' tag='300'>
        <subfield code='a'>Online resource (iii, 109 p. : ill.) :</subfield>
        <subfield code='b'>PDF file.</subfield>
      </datafield>
      <datafield ind1=' ' ind2=' ' tag='500'>
        <subfield code='a'>Distributed to some depository libraries in microfiche.</subfield>
      </datafield>
      <datafield ind1=' ' ind2=' ' tag='500'>
        <subfield code='a'>Shipping list no.: 92-0547-P.</subfield>
      </datafield>
      <datafield ind1=' ' ind2=' ' tag='588'>
        <subfield code='a'>Description based on PDF title page, viewed July 13, 2012.</subfield>
      </datafield>
      <datafield ind1=' ' ind2='0' tag='650'>
        <subfield code='a'>Vietnam War, 1961-1975</subfield>
        <subfield code='x'>Missing in action</subfield>
        <subfield code='z'>United States.</subfield>
      </datafield>
      <datafield ind1=' ' ind2='0' tag='650'>
        <subfield code='a'>Vietnam War, 1961-1975</subfield>
        <subfield code='x'>Prisoners and prisons, North Vietnamese.</subfield>
      </datafield>
      <datafield ind1=' ' ind2='0' tag='651'>
        <subfield code='a'>Vietnam</subfield>
        <subfield code='x'>Foreign relations</subfield>
        <subfield code='z'>United States.</subfield>
      </datafield>
      <datafield ind1=' ' ind2='0' tag='651'>
        <subfield code='a'>United States</subfield>
        <subfield code='x'>Foreign relations</subfield>
        <subfield code='z'>Vietnam.</subfield>
      </datafield>
      <datafield ind1=' ' ind2='7' tag='655'>
        <subfield code='a'>Electronic books.</subfield>
        <subfield code='2'>lcgft</subfield>
      </datafield>
      <datafield ind1='0' ind2='8' tag='776'>
        <subfield code='c'>Original</subfield>
        <subfield code='w'>(DLC)   92240768</subfield>
        <subfield code='z'>0160389909</subfield>
      </datafield>
      <datafield ind1=' ' ind2='0' tag='830'>
        <subfield code='a'>U.S. Congressional documents.</subfield>
        <subfield code='p'>Congressional hearings.</subfield>
      </datafield>
      <datafield ind1='4' ind2='0' tag='856'>
        <subfield code='3'>HeinOnline U.S. Congressional Documents Collection</subfield>
        <subfield code='u'>http://libproxy.lib.unc.edu/login?url=http://www.heinonline.org/HOL/Page?handle=hein.cbhear/cbhearings5628&amp;id=1&amp;size=2&amp;collection=congrec&amp;index=cbhear</subfield>
        <subfield code='y'>Full text available via the UNC-Chapel Hill Libraries</subfield>
      </datafield>
      <datafield ind1=' ' ind2=' ' tag='907'>
        <subfield code='a'>b7203894</subfield>
      </datafield>
  </record>