
  <record>
    <leader>00000nam  2200289Ia 4500</leader>
      <controlfield tag='008'>080701s1957    ne      r     000 0 eng d</controlfield>
      <controlfield tag='001'>233002819</controlfield>
      <controlfield tag='003'>OCoLC</controlfield>
      <controlfield tag='005'>20080701041221.0</controlfield>
      <datafield ind1=' ' ind2=' ' tag='035'>
        <subfield code='a'>(OCoLC)233002819</subfield>
      </datafield>
      <datafield ind1=' ' ind2=' ' tag='040'>
        <subfield code='a'>NOC</subfield>
        <subfield code='b'>eng</subfield>
        <subfield code='c'>NOC</subfield>
      </datafield>
      <datafield ind1=' ' ind2=' ' tag='049'>
        <subfield code='a'>RBCF</subfield>
      </datafield>
      <datafield ind1='1' ind2=' ' tag='100'>
        <subfield code='a'>Corso, Gregory.</subfield>
      </datafield>
      <datafield ind1='1' ind2='4' tag='245'>
        <subfield code='a'>The literary revolution in America /</subfield>
        <subfield code='c'>Gregory Corso.</subfield>
      </datafield>
      <datafield ind1=' ' ind2=' ' tag='300'>
        <subfield code='a'>[2] leaves ;</subfield>
        <subfield code='c'>29 cm.</subfield>
      </datafield>
      <datafield ind1=' ' ind2=' ' tag='500'>
        <subfield code='a'>Photocopied from: Litterair paspoort, Nov. 1957, p. 193-196.</subfield>
      </datafield>
      <datafield ind1=' ' ind2=' ' tag='500'>
        <subfield code='a'>Although uncredited, Ginsberg co-authored this article -- Morgan.</subfield>
      </datafield>
      <datafield ind1='4' ind2=' ' tag='510'>
        <subfield code='a'>Morgan, Ginsberg</subfield>
        <subfield code='c'>C54.</subfield>
      </datafield>
      <datafield ind1=' ' ind2=' ' tag='533'>
        <subfield code='a'>Photocopy.</subfield>
        <subfield code='e'>28 cm.</subfield>
      </datafield>
      <datafield ind1=' ' ind2='0' tag='650'>
        <subfield code='a'>American literature</subfield>
        <subfield code='y'>20th century</subfield>
        <subfield code='x'>History and criticism.</subfield>
      </datafield>
      <datafield ind1='1' ind2=' ' tag='700'>
        <subfield code='a'>Ginsberg, Allen,</subfield>
        <subfield code='d'>1926-1997.</subfield>
      </datafield>
      <datafield ind1='0' ind2=' ' tag='740'>
        <subfield code='a'>Litterair paspoort.</subfield>
      </datafield>
      <datafield ind1='0' ind2=' ' tag='740'>
        <subfield code='a'>Beats Collection.</subfield>
      </datafield>
      <datafield ind1=' ' ind2=' ' tag='919'>
        <subfield code='a'>590 touched / wkg</subfield>
      </datafield>
      <datafield ind1=' ' ind2=' ' tag='907'>
        <subfield code='a'>b5636895</subfield>
      </datafield>
      <datafield ind1='9' ind2='1' tag='999'>
        <subfield code='i'>i7388395</subfield>
        <subfield code='l'>wchk</subfield>
        <subfield code='s'>o</subfield>
        <subfield code='t'>0</subfield>
        <subfield code='c'>1</subfield>
        <subfield code='o'>0</subfield>
        <subfield code='b'>00031383084</subfield>
        <subfield code='p'>090</subfield>
        <subfield code='q'>|aPS3513.I74|bZ999c C54</subfield>
        <subfield code='n'>Ms. notes on front: &quot;This part by A.G.&quot;</subfield>
      </datafield>
      <datafield ind1='9' ind2='2' tag='999'>
        <subfield code='a'>c4698238</subfield>
        <subfield code='b'>wchk</subfield>
        <subfield code='c'>0</subfield>
      </datafield>
      <datafield ind1='9' ind2='3' tag='999'>
        <subfield code='0'>c4698238</subfield>
        <subfield code='2'>852</subfield>
        <subfield code='3'>c</subfield>
        <subfield code='h'>PS3513.I74</subfield>
        <subfield code='i'>Z999c C54</subfield>
      </datafield>
      <datafield ind1='9' ind2='3' tag='999'>
        <subfield code='0'>c4698238</subfield>
        <subfield code='2'>852</subfield>
        <subfield code='3'>h</subfield>
        <subfield code='t'>c. 1.</subfield>
        <subfield code='z'>Ms. notes on front: &quot;This part by A.G.&quot;</subfield>
      </datafield>
  </record>