
  <record>
    <leader>00000cam a2200193Ia 4500</leader>
      <controlfield tag='008'>850627s1941    ru a          000 0 rusod</controlfield>
      <controlfield tag='001'>12204954</controlfield>
      <controlfield tag='005'>19850627000000.0</controlfield>
      <datafield ind1=' ' ind2=' ' tag='040'>
        <subfield code='a'>NOC</subfield>
        <subfield code='c'>NOC</subfield>
      </datafield>
      <datafield ind1='0' ind2='0' tag='245'>
        <subfield code='a'>Skazy i skazki Belomorʹ︠i︡a i Pinezhʹ︠i︡a /</subfield>
        <subfield code='c'>zapisʹ tekstov, vstupitelʹna︠i︡a statʹ︠i︡a i kommentarii N.I. Rozhdestvenskoĭ.</subfield>
      </datafield>
      <datafield ind1=' ' ind2=' ' tag='260'>
        <subfield code='a'>Arkhangelʹsk :</subfield>
        <subfield code='b'>Ogiz,</subfield>
        <subfield code='c'>1941.</subfield>
      </datafield>
      <datafield ind1=' ' ind2=' ' tag='300'>
        <subfield code='a'>220 p. :</subfield>
        <subfield code='b'>ill. ;</subfield>
        <subfield code='c'>23 cm.</subfield>
      </datafield>
      <datafield ind1=' ' ind2='0' tag='650'>
        <subfield code='a'>Tales</subfield>
        <subfield code='z'>Russia (Federation)</subfield>
        <subfield code='z'>Arkhangelʹskai͡a oblastʹ.</subfield>
      </datafield>
      <datafield ind1=' ' ind2='0' tag='650'>
        <subfield code='a'>Folklore</subfield>
        <subfield code='z'>Russia (Federation)</subfield>
        <subfield code='z'>Arkhangelʹskai͡a oblastʹ.</subfield>
      </datafield>
      <datafield ind1='1' ind2=' ' tag='700'>
        <subfield code='a'>Rozhdestvenskai͡a, N. I.</subfield>
      </datafield>
      <datafield ind1=' ' ind2=' ' tag='907'>
        <subfield code='a'>b2043445</subfield>
      </datafield>
      <datafield ind1='9' ind2='1' tag='999'>
        <subfield code='i'>i2952543</subfield>
        <subfield code='l'>trln</subfield>
        <subfield code='s'>-</subfield>
        <subfield code='t'>0</subfield>
        <subfield code='c'>1</subfield>
        <subfield code='o'>3</subfield>
        <subfield code='b'>00002870478</subfield>
        <subfield code='p'>090</subfield>
        <subfield code='q'>|aGR203.A64 S42 1941</subfield>
      </datafield>
  </record>