
  <record>
    <leader>00000cam  2200205Ia 4500</leader>
      <controlfield tag='008'>880607s1984    it       b    001 0 ita d</controlfield>
      <controlfield tag='001'>16395021</controlfield>
      <controlfield tag='005'>19880607000000.0</controlfield>
      <datafield ind1=' ' ind2=' ' tag='040'>
        <subfield code='a'>WAU</subfield>
        <subfield code='c'>WAU</subfield>
        <subfield code='d'>NOC</subfield>
      </datafield>
      <datafield ind1='1' ind2=' ' tag='100'>
        <subfield code='a'>Alfonzetti, Beatrice.</subfield>
      </datafield>
      <datafield ind1='1' ind2='3' tag='245'>
        <subfield code='a'>Il trionfo dello spechio :</subfield>
        <subfield code='b'>le poetiche teatrali di Pirandello /</subfield>
        <subfield code='c'>Beatrice Alfonzetti.</subfield>
      </datafield>
      <datafield ind1=' ' ind2=' ' tag='260'>
        <subfield code='a'>Catania :</subfield>
        <subfield code='b'>Cooperativa universitaria editrice catanese di magistero,</subfield>
        <subfield code='c'>1984.</subfield>
      </datafield>
      <datafield ind1=' ' ind2=' ' tag='300'>
        <subfield code='a'>208 p. ;</subfield>
        <subfield code='c'>23 cm.</subfield>
      </datafield>
      <datafield ind1=' ' ind2=' ' tag='504'>
        <subfield code='a'>Includes bibliographies and index.</subfield>
      </datafield>
      <datafield ind1='1' ind2='0' tag='600'>
        <subfield code='a'>Pirandello, Luigi,</subfield>
        <subfield code='d'>1867-1936</subfield>
        <subfield code='x'>Criticism and interpretation.</subfield>
      </datafield>
      <datafield ind1=' ' ind2='0' tag='830'>
        <subfield code='a'>Collana di studi di filologia moderna ;</subfield>
        <subfield code='v'>2.</subfield>
      </datafield>
      <datafield ind1=' ' ind2=' ' tag='907'>
        <subfield code='a'>b2200085</subfield>
      </datafield>
      <datafield ind1='9' ind2='1' tag='999'>
        <subfield code='i'>i3171721</subfield>
        <subfield code='l'>trln</subfield>
        <subfield code='s'>-</subfield>
        <subfield code='t'>0</subfield>
        <subfield code='c'>1</subfield>
        <subfield code='o'>1</subfield>
        <subfield code='b'>00004220453</subfield>
        <subfield code='p'>090</subfield>
        <subfield code='q'>|aPQ4835.I7 Z533 1984</subfield>
      </datafield>
  </record>