
  <record>
    <leader>00000cam  2200277Ia 4500</leader>
      <controlfield tag='008'>030807s2003    okuab    b    001 0 eng d</controlfield>
      <controlfield tag='001'>52808140</controlfield>
      <controlfield tag='005'>20040308114344.0</controlfield>
      <datafield ind1=' ' ind2=' ' tag='020'>
        <subfield code='a'>1565760840</subfield>
      </datafield>
      <datafield ind1=' ' ind2=' ' tag='040'>
        <subfield code='a'>GIS</subfield>
        <subfield code='c'>GIS</subfield>
        <subfield code='d'>TXH</subfield>
        <subfield code='d'>NOC</subfield>
      </datafield>
      <datafield ind1='0' ind2='0' tag='245'>
        <subfield code='a'>Micropaleontologic proxies for sea-level change and stratigraphic discontinuities /</subfield>
        <subfield code='c'>edited by Hilary Clement Olson, and R. Mark Leckie.</subfield>
      </datafield>
      <datafield ind1=' ' ind2=' ' tag='260'>
        <subfield code='a'>Tulsa, Okla. :</subfield>
        <subfield code='b'>SEPM,</subfield>
        <subfield code='c'>c2003.</subfield>
      </datafield>
      <datafield ind1=' ' ind2=' ' tag='300'>
        <subfield code='a'>383 p. :</subfield>
        <subfield code='b'>ill., maps ;</subfield>
        <subfield code='c'>28 cm.</subfield>
      </datafield>
      <datafield ind1=' ' ind2=' ' tag='500'>
        <subfield code='a'>&quot;April, 2003.&quot;</subfield>
      </datafield>
      <datafield ind1=' ' ind2=' ' tag='504'>
        <subfield code='a'>Includes bibliographical references and index.</subfield>
      </datafield>
      <datafield ind1=' ' ind2='0' tag='650'>
        <subfield code='a'>Sea level.</subfield>
      </datafield>
      <datafield ind1=' ' ind2='0' tag='650'>
        <subfield code='a'>Micropaleontology.</subfield>
      </datafield>
      <datafield ind1=' ' ind2='0' tag='650'>
        <subfield code='a'>Geology, Stratigraphic.</subfield>
      </datafield>
      <datafield ind1='1' ind2=' ' tag='700'>
        <subfield code='a'>Olson, Hilary Clement.</subfield>
      </datafield>
      <datafield ind1='1' ind2=' ' tag='700'>
        <subfield code='a'>Leckie, R. Mark.</subfield>
      </datafield>
      <datafield ind1='2' ind2=' ' tag='710'>
        <subfield code='a'>SEPM (Society for Sedimentary Geology)</subfield>
      </datafield>
      <datafield ind1=' ' ind2='0' tag='830'>
        <subfield code='a'>Special publication (SEPM (Society for Sedimentary Geology)) ;</subfield>
        <subfield code='v'>no. 75.</subfield>
      </datafield>
      <datafield ind1=' ' ind2=' ' tag='907'>
        <subfield code='a'>b4420068</subfield>
      </datafield>
      <datafield ind1='9' ind2='1' tag='999'>
        <subfield code='i'>i6021779</subfield>
        <subfield code='l'>bbla</subfield>
        <subfield code='s'>-</subfield>
        <subfield code='t'>0</subfield>
        <subfield code='c'>1</subfield>
        <subfield code='o'>1</subfield>
        <subfield code='b'>00023416448</subfield>
        <subfield code='p'>090</subfield>
        <subfield code='q'>|aGC89 .M5 2003</subfield>
      </datafield>
  </record>