
  <record>
    <leader>00000cam a2200313Ia 4500</leader>
      <controlfield tag='008'>130504s2013    ilu           000 1 eng d</controlfield>
      <controlfield tag='001'>841898781</controlfield>
      <controlfield tag='003'>OCoLC</controlfield>
      <controlfield tag='005'>20130917121144.9</controlfield>
      <datafield ind1=' ' ind2=' ' tag='020'>
        <subfield code='a'>9780988587304 (pbk.)</subfield>
      </datafield>
      <datafield ind1=' ' ind2=' ' tag='020'>
        <subfield code='a'>0988587300 (pbk.)</subfield>
      </datafield>
      <datafield ind1=' ' ind2=' ' tag='035'>
        <subfield code='a'>(OCoLC)841898781</subfield>
      </datafield>
      <datafield ind1=' ' ind2=' ' tag='040'>
        <subfield code='a'>BTCTA</subfield>
        <subfield code='b'>eng</subfield>
        <subfield code='c'>BTCTA</subfield>
        <subfield code='d'>BDX</subfield>
        <subfield code='d'>NBO</subfield>
        <subfield code='d'>WCM</subfield>
        <subfield code='d'>NhCcYBP</subfield>
      </datafield>
      <datafield ind1=' ' ind2='4' tag='050'>
        <subfield code='a'>PS3613.C3879</subfield>
        <subfield code='b'>P46 2013</subfield>
      </datafield>
      <datafield ind1='0' ind2='4' tag='082'>
        <subfield code='a'>813.6</subfield>
        <subfield code='2'>23</subfield>
      </datafield>
      <datafield ind1='1' ind2=' ' tag='100'>
        <subfield code='a'>McDonnell, Madeline.</subfield>
      </datafield>
      <datafield ind1='1' ind2='0' tag='245'>
        <subfield code='a'>Penny, n. /</subfield>
        <subfield code='c'>Madeline McDonnell.</subfield>
      </datafield>
      <datafield ind1=' ' ind2=' ' tag='250'>
        <subfield code='a'>1st ed.</subfield>
      </datafield>
      <datafield ind1=' ' ind2=' ' tag='260'>
        <subfield code='a'>Chicago :</subfield>
        <subfield code='b'>Rescue Press</subfield>
        <subfield code='c'>c2013.</subfield>
      </datafield>
      <datafield ind1=' ' ind2=' ' tag='300'>
        <subfield code='a'>133 p. :</subfield>
        <subfield code='b'>ill. ;</subfield>
        <subfield code='c'>16 cm.</subfield>
      </datafield>
      <datafield ind1=' ' ind2='0' tag='650'>
        <subfield code='a'>Young women</subfield>
        <subfield code='v'>Fiction.</subfield>
      </datafield>
      <datafield ind1=' ' ind2='0' tag='650'>
        <subfield code='a'>Mothers and daughters</subfield>
        <subfield code='v'>Fiction.</subfield>
      </datafield>
      <datafield ind1=' ' ind2='0' tag='650'>
        <subfield code='a'>Interpersonal relations</subfield>
        <subfield code='v'>Fiction.</subfield>
      </datafield>
      <datafield ind1=' ' ind2=' ' tag='907'>
        <subfield code='a'>b7606972</subfield>
      </datafield>
      <datafield ind1='9' ind2='1' tag='999'>
        <subfield code='i'>i10146483</subfield>
        <subfield code='l'>ddda</subfield>
        <subfield code='s'>-</subfield>
        <subfield code='t'>0</subfield>
        <subfield code='c'>1</subfield>
        <subfield code='o'>0</subfield>
        <subfield code='b'>00047113648</subfield>
        <subfield code='p'>050</subfield>
        <subfield code='q'>|aPS3613.C3879|bP46 2013</subfield>
      </datafield>
  </record>