
  <record>
    <leader>00000cam  22001938a 4500</leader>
      <controlfield tag='008'>910326s1991    pau      b    001 0 eng  </controlfield>
      <controlfield tag='001'>22452476</controlfield>
      <controlfield tag='005'>19910326000000.0</controlfield>
      <datafield ind1=' ' ind2=' ' tag='010'>
        <subfield code='a'>90048202</subfield>
      </datafield>
      <datafield ind1=' ' ind2=' ' tag='020'>
        <subfield code='a'>0838752128 (alk. paper)</subfield>
      </datafield>
      <datafield ind1=' ' ind2=' ' tag='040'>
        <subfield code='a'>DLC</subfield>
        <subfield code='c'>DLC</subfield>
        <subfield code='d'>NOC</subfield>
      </datafield>
      <datafield ind1='0' ind2='0' tag='082'>
        <subfield code='a'>791.43/682</subfield>
        <subfield code='2'>20</subfield>
      </datafield>
      <datafield ind1='1' ind2=' ' tag='100'>
        <subfield code='a'>Martin, Thomas M.,</subfield>
        <subfield code='d'>1940-</subfield>
      </datafield>
      <datafield ind1='1' ind2='0' tag='245'>
        <subfield code='a'>Images and the imageless :</subfield>
        <subfield code='b'>a study in religious consciousness and film /</subfield>
        <subfield code='c'>Thomas M. Martin.</subfield>
      </datafield>
      <datafield ind1=' ' ind2=' ' tag='250'>
        <subfield code='a'>2nd ed.</subfield>
      </datafield>
      <datafield ind1=' ' ind2=' ' tag='260'>
        <subfield code='a'>Lewisburg [Pa.] :</subfield>
        <subfield code='b'>Bucknell University Press ;</subfield>
        <subfield code='a'>London :</subfield>
        <subfield code='b'>Associated University Presses,</subfield>
        <subfield code='c'>1991.</subfield>
      </datafield>
      <datafield ind1=' ' ind2=' ' tag='300'>
        <subfield code='a'>184 p. ;</subfield>
        <subfield code='c'>22 cm.</subfield>
      </datafield>
      <datafield ind1=' ' ind2=' ' tag='504'>
        <subfield code='a'>Includes bibliographical references and index.</subfield>
      </datafield>
      <datafield ind1=' ' ind2='0' tag='650'>
        <subfield code='a'>Motion pictures</subfield>
        <subfield code='x'>Religious aspects.</subfield>
      </datafield>
      <datafield ind1=' ' ind2=' ' tag='907'>
        <subfield code='a'>b2366049</subfield>
      </datafield>
      <datafield ind1='9' ind2='1' tag='999'>
        <subfield code='i'>i3401109</subfield>
        <subfield code='l'>ddda</subfield>
        <subfield code='s'>-</subfield>
        <subfield code='t'>0</subfield>
        <subfield code='c'>1</subfield>
        <subfield code='o'>8</subfield>
        <subfield code='b'>00005217428</subfield>
        <subfield code='p'>090</subfield>
        <subfield code='q'>|aPN1995.5 .M37 1991</subfield>
      </datafield>
  </record>