
  <record>
    <leader>00000cas  2200841Ia 4500</leader>
      <controlfield tag='008'>870615c19809999caufx1p   owg 0   a0eng d</controlfield>
      <controlfield tag='001'>6715123</controlfield>
      <controlfield tag='005'>19870615000000.0</controlfield>
      <datafield ind1=' ' ind2=' ' tag='010'>
        <subfield code='a'>82641108</subfield>
        <subfield code='z'>sn 82020062</subfield>
      </datafield>
      <datafield ind1='0' ind2=' ' tag='022'>
        <subfield code='a'>0731-5082</subfield>
        <subfield code='y'>0081-4326</subfield>
      </datafield>
      <datafield ind1=' ' ind2=' ' tag='037'>
        <subfield code='c'>$7.00 (domestic)</subfield>
        <subfield code='c'>$9.00 (foreign)</subfield>
      </datafield>
      <datafield ind1=' ' ind2=' ' tag='037'>
        <subfield code='b'>Stanford Law School, Stanford, Calif. 94305</subfield>
      </datafield>
      <datafield ind1=' ' ind2=' ' tag='040'>
        <subfield code='a'>CUH</subfield>
        <subfield code='c'>CUH</subfield>
        <subfield code='d'>COO</subfield>
        <subfield code='d'>IUL</subfield>
        <subfield code='d'>COO</subfield>
        <subfield code='d'>MUL</subfield>
        <subfield code='d'>NST</subfield>
        <subfield code='d'>DLC</subfield>
        <subfield code='d'>NSD</subfield>
        <subfield code='d'>NST</subfield>
        <subfield code='d'>DLC</subfield>
        <subfield code='d'>NST</subfield>
        <subfield code='d'>AIP</subfield>
        <subfield code='d'>DLC</subfield>
        <subfield code='d'>NST</subfield>
        <subfield code='d'>m/c</subfield>
        <subfield code='d'>NDO</subfield>
      </datafield>
      <datafield ind1=' ' ind2=' ' tag='042'>
        <subfield code='a'>lc</subfield>
        <subfield code='a'>nsdp</subfield>
      </datafield>
      <datafield ind1=' ' ind2=' ' tag='043'>
        <subfield code='a'>n-us-ca</subfield>
      </datafield>
      <datafield ind1='0' ind2=' ' tag='050'>
        <subfield code='a'>JX1</subfield>
        <subfield code='b'>.S7</subfield>
      </datafield>
      <datafield ind1='0' ind2=' ' tag='082'>
        <subfield code='a'>341/.05</subfield>
        <subfield code='2'>19</subfield>
      </datafield>
      <datafield ind1='0' ind2=' ' tag='210'>
        <subfield code='a'>Stanford j. int. law</subfield>
      </datafield>
      <datafield ind1=' ' ind2='0' tag='222'>
        <subfield code='a'>Stanford journal of international law</subfield>
      </datafield>
      <datafield ind1='0' ind2='0' tag='245'>
        <subfield code='a'>Stanford journal of international law</subfield>
        <subfield code='h'>[serial].</subfield>
      </datafield>
      <datafield ind1=' ' ind2=' ' tag='260'>
        <subfield code='a'>Stanford, Calif. :</subfield>
        <subfield code='b'>Stanford University, School of Law,</subfield>
        <subfield code='c'>c1980-</subfield>
      </datafield>
      <datafield ind1=' ' ind2=' ' tag='300'>
        <subfield code='a'>v. ;</subfield>
        <subfield code='c'>26 cm.</subfield>
      </datafield>
      <datafield ind1=' ' ind2=' ' tag='310'>
        <subfield code='a'>Two no. a year</subfield>
      </datafield>
      <datafield ind1='0' ind2=' ' tag='362'>
        <subfield code='a'>Vol. 16 (summer 1980)-</subfield>
      </datafield>
      <datafield ind1='1' ind2=' ' tag='510'>
        <subfield code='a'>Legal resource index</subfield>
        <subfield code='b'>1980-</subfield>
      </datafield>
      <datafield ind1='2' ind2=' ' tag='510'>
        <subfield code='a'>ABC pol sci</subfield>
        <subfield code='x'>0001-0456</subfield>
      </datafield>
      <datafield ind1='0' ind2=' ' tag='510'>
        <subfield code='a'>Index to foreign legal periodicals</subfield>
      </datafield>
      <datafield ind1='0' ind2=' ' tag='510'>
        <subfield code='a'>Index to periodicals related to law</subfield>
      </datafield>
      <datafield ind1='0' ind2=' ' tag='510'>
        <subfield code='a'>Social sciences citation index</subfield>
        <subfield code='x'>0091-3707</subfield>
      </datafield>
      <datafield ind1='0' ind2=' ' tag='510'>
        <subfield code='a'>International political science abstracts</subfield>
      </datafield>
      <datafield ind1='0' ind2=' ' tag='510'>
        <subfield code='a'>Economische Voorlichtingsdients</subfield>
      </datafield>
      <datafield ind1='2' ind2=' ' tag='510'>
        <subfield code='a'>Public Affairs Information Service bulletin</subfield>
        <subfield code='x'>0033-3409</subfield>
      </datafield>
      <datafield ind1='1' ind2=' ' tag='510'>
        <subfield code='a'>Index to legal periodicals</subfield>
        <subfield code='x'>0019-4077</subfield>
      </datafield>
      <datafield ind1=' ' ind2=' ' tag='530'>
        <subfield code='a'>Also issued online.</subfield>
      </datafield>
      <datafield ind1=' ' ind2='0' tag='650'>
        <subfield code='a'>International law</subfield>
        <subfield code='v'>Periodicals.</subfield>
      </datafield>
      <datafield ind1=' ' ind2='0' tag='650'>
        <subfield code='a'>Law</subfield>
        <subfield code='z'>California</subfield>
        <subfield code='v'>Periodicals.</subfield>
      </datafield>
      <datafield ind1='2' ind2=' ' tag='710'>
        <subfield code='a'>Stanford University.</subfield>
        <subfield code='b'>School of Law.</subfield>
      </datafield>
      <datafield ind1='0' ind2='0' tag='780'>
        <subfield code='t'>Stanford journal of international studies</subfield>
        <subfield code='x'>0081-4326</subfield>
        <subfield code='w'>(DLC) 85644742</subfield>
        <subfield code='w'>(OCoLC)6456851</subfield>
      </datafield>
      <datafield ind1=' ' ind2=' ' tag='907'>
        <subfield code='a'>b1718576</subfield>
      </datafield>
      <datafield ind1='9' ind2='1' tag='999'>
        <subfield code='i'>i2464071</subfield>
        <subfield code='l'>ksta</subfield>
        <subfield code='s'>o</subfield>
        <subfield code='t'>3</subfield>
        <subfield code='c'>1</subfield>
        <subfield code='o'>0</subfield>
        <subfield code='b'>L00108860N</subfield>
        <subfield code='p'>090</subfield>
        <subfield code='q'>|aK23|b.T2644</subfield>
        <subfield code='v'>v.16 (1980)</subfield>
      </datafield>
      <datafield ind1='9' ind2='1' tag='999'>
        <subfield code='i'>i2464072</subfield>
        <subfield code='l'>ksta</subfield>
        <subfield code='s'>o</subfield>
        <subfield code='t'>3</subfield>
        <subfield code='c'>1</subfield>
        <subfield code='o'>0</subfield>
        <subfield code='b'>L00108861O</subfield>
        <subfield code='p'>090</subfield>
        <subfield code='q'>|aK23|b.T2644</subfield>
        <subfield code='v'>v.17 (1981)</subfield>
      </datafield>
      <datafield ind1='9' ind2='1' tag='999'>
        <subfield code='i'>i2464073</subfield>
        <subfield code='l'>ksta</subfield>
        <subfield code='s'>o</subfield>
        <subfield code='t'>3</subfield>
        <subfield code='c'>1</subfield>
        <subfield code='o'>0</subfield>
        <subfield code='b'>L00108862P</subfield>
        <subfield code='p'>090</subfield>
        <subfield code='q'>|aK23|b.T2644</subfield>
        <subfield code='v'>v.18 (1982)</subfield>
      </datafield>
      <datafield ind1='9' ind2='1' tag='999'>
        <subfield code='i'>i2464074</subfield>
        <subfield code='l'>ksta</subfield>
        <subfield code='s'>o</subfield>
        <subfield code='t'>3</subfield>
        <subfield code='c'>1</subfield>
        <subfield code='o'>0</subfield>
        <subfield code='b'>L00108863Q</subfield>
        <subfield code='p'>090</subfield>
        <subfield code='q'>|aK23|b.T2644</subfield>
        <subfield code='v'>v.19 (1983)</subfield>
      </datafield>
      <datafield ind1='9' ind2='1' tag='999'>
        <subfield code='i'>i2464075</subfield>
        <subfield code='l'>ksta</subfield>
        <subfield code='s'>o</subfield>
        <subfield code='t'>3</subfield>
        <subfield code='c'>1</subfield>
        <subfield code='o'>0</subfield>
        <subfield code='b'>L00108864R</subfield>
        <subfield code='p'>090</subfield>
        <subfield code='q'>|aK23|b.T2644</subfield>
        <subfield code='v'>v.20 (1984)</subfield>
      </datafield>
      <datafield ind1='9' ind2='1' tag='999'>
        <subfield code='i'>i2464076</subfield>
        <subfield code='l'>ksta</subfield>
        <subfield code='s'>o</subfield>
        <subfield code='t'>3</subfield>
        <subfield code='c'>1</subfield>
        <subfield code='o'>0</subfield>
        <subfield code='b'>L00108865S</subfield>
        <subfield code='p'>090</subfield>
        <subfield code='q'>|aK23|b.T2644</subfield>
        <subfield code='v'>v.21 (1985)</subfield>
      </datafield>
      <datafield ind1='9' ind2='1' tag='999'>
        <subfield code='i'>i2464077</subfield>
        <subfield code='l'>ksta</subfield>
        <subfield code='s'>o</subfield>
        <subfield code='t'>3</subfield>
        <subfield code='c'>1</subfield>
        <subfield code='o'>0</subfield>
        <subfield code='b'>L00108866T</subfield>
        <subfield code='p'>090</subfield>
        <subfield code='q'>|aK23|b.T2644</subfield>
        <subfield code='v'>v.22 (1986)</subfield>
      </datafield>
      <datafield ind1='9' ind2='1' tag='999'>
        <subfield code='i'>i2464078</subfield>
        <subfield code='l'>ksta</subfield>
        <subfield code='s'>o</subfield>
        <subfield code='t'>3</subfield>
        <subfield code='c'>1</subfield>
        <subfield code='o'>0</subfield>
        <subfield code='b'>L00108867U</subfield>
        <subfield code='p'>090</subfield>
        <subfield code='q'>|aK23|b.T2644</subfield>
        <subfield code='v'>v.23 (1987)</subfield>
      </datafield>
      <datafield ind1='9' ind2='1' tag='999'>
        <subfield code='i'>i2464079</subfield>
        <subfield code='l'>ksta</subfield>
        <subfield code='s'>o</subfield>
        <subfield code='t'>3</subfield>
        <subfield code='c'>1</subfield>
        <subfield code='o'>0</subfield>
        <subfield code='b'>L00108868V</subfield>
        <subfield code='p'>090</subfield>
        <subfield code='q'>|aK23|b.T2644</subfield>
        <subfield code='v'>v.24 (1987/88)</subfield>
      </datafield>
      <datafield ind1='9' ind2='1' tag='999'>
        <subfield code='i'>i2464080</subfield>
        <subfield code='l'>ksta</subfield>
        <subfield code='s'>o</subfield>
        <subfield code='t'>3</subfield>
        <subfield code='c'>1</subfield>
        <subfield code='o'>0</subfield>
        <subfield code='b'>L00108869W</subfield>
        <subfield code='p'>090</subfield>
        <subfield code='q'>|aK23|b.T2644</subfield>
        <subfield code='v'>v.25 (1988/89)</subfield>
      </datafield>
      <datafield ind1='9' ind2='1' tag='999'>
        <subfield code='i'>i2464081</subfield>
        <subfield code='l'>ksta</subfield>
        <subfield code='s'>o</subfield>
        <subfield code='t'>3</subfield>
        <subfield code='c'>1</subfield>
        <subfield code='o'>0</subfield>
        <subfield code='b'>L00108870O</subfield>
        <subfield code='p'>090</subfield>
        <subfield code='q'>|aK23|b.T2644</subfield>
        <subfield code='v'>v.26 (1989/90)</subfield>
      </datafield>
      <datafield ind1='9' ind2='1' tag='999'>
        <subfield code='i'>i2464082</subfield>
        <subfield code='l'>ksta</subfield>
        <subfield code='s'>o</subfield>
        <subfield code='t'>3</subfield>
        <subfield code='c'>1</subfield>
        <subfield code='o'>0</subfield>
        <subfield code='b'>L00096286V</subfield>
        <subfield code='p'>090</subfield>
        <subfield code='q'>|aK23|b.T2644</subfield>
        <subfield code='v'>v.27 (1990/91)</subfield>
      </datafield>
      <datafield ind1='9' ind2='1' tag='999'>
        <subfield code='i'>i2464083</subfield>
        <subfield code='l'>ksta</subfield>
        <subfield code='s'>o</subfield>
        <subfield code='t'>3</subfield>
        <subfield code='c'>1</subfield>
        <subfield code='o'>0</subfield>
        <subfield code='b'>L00108871P</subfield>
        <subfield code='p'>090</subfield>
        <subfield code='q'>|aK23|b.T2644</subfield>
        <subfield code='v'>v.28 (1991/92)</subfield>
      </datafield>
      <datafield ind1='9' ind2='1' tag='999'>
        <subfield code='i'>i2464084</subfield>
        <subfield code='l'>ksta</subfield>
        <subfield code='s'>o</subfield>
        <subfield code='t'>3</subfield>
        <subfield code='c'>1</subfield>
        <subfield code='o'>0</subfield>
        <subfield code='b'>L00169636V</subfield>
        <subfield code='p'>090</subfield>
        <subfield code='q'>|aK23|b.T2644</subfield>
        <subfield code='v'>v.29 (1992/93)</subfield>
      </datafield>
      <datafield ind1='9' ind2='1' tag='999'>
        <subfield code='i'>i2464085</subfield>
        <subfield code='l'>ksta</subfield>
        <subfield code='s'>o</subfield>
        <subfield code='t'>3</subfield>
        <subfield code='c'>1</subfield>
        <subfield code='o'>0</subfield>
        <subfield code='b'>L00215967U</subfield>
        <subfield code='p'>090</subfield>
        <subfield code='q'>|aK23|b.T2644</subfield>
        <subfield code='v'>v.30 (1994)</subfield>
      </datafield>
      <datafield ind1='9' ind2='1' tag='999'>
        <subfield code='i'>i2464086</subfield>
        <subfield code='l'>ksta</subfield>
        <subfield code='s'>o</subfield>
        <subfield code='t'>3</subfield>
        <subfield code='c'>1</subfield>
        <subfield code='o'>0</subfield>
        <subfield code='b'>L00088806U</subfield>
        <subfield code='p'>090</subfield>
        <subfield code='q'>|aK23|b.T2644</subfield>
        <subfield code='v'>v.31 (1995)</subfield>
      </datafield>
      <datafield ind1='9' ind2='1' tag='999'>
        <subfield code='i'>i2464087</subfield>
        <subfield code='l'>ksta</subfield>
        <subfield code='s'>o</subfield>
        <subfield code='t'>3</subfield>
        <subfield code='c'>1</subfield>
        <subfield code='o'>0</subfield>
        <subfield code='b'>L00133447M</subfield>
        <subfield code='p'>090</subfield>
        <subfield code='q'>|aK23|b.T2644</subfield>
        <subfield code='v'>v.32 (1996)</subfield>
      </datafield>
      <datafield ind1='9' ind2='1' tag='999'>
        <subfield code='i'>i2464088</subfield>
        <subfield code='l'>ksta</subfield>
        <subfield code='s'>o</subfield>
        <subfield code='t'>3</subfield>
        <subfield code='c'>1</subfield>
        <subfield code='o'>0</subfield>
        <subfield code='b'>L00251424I</subfield>
        <subfield code='p'>090</subfield>
        <subfield code='q'>|aK23|b.T2644</subfield>
        <subfield code='v'>v.33 (1997)</subfield>
      </datafield>
      <datafield ind1='9' ind2='1' tag='999'>
        <subfield code='i'>i2464089</subfield>
        <subfield code='l'>ksta</subfield>
        <subfield code='s'>o</subfield>
        <subfield code='t'>3</subfield>
        <subfield code='c'>1</subfield>
        <subfield code='o'>0</subfield>
        <subfield code='b'>L00265865W</subfield>
        <subfield code='p'>090</subfield>
        <subfield code='q'>|aK23|b.T2644</subfield>
        <subfield code='v'>v.34 (1998)</subfield>
      </datafield>
      <datafield ind1='9' ind2='1' tag='999'>
        <subfield code='i'>i2464090</subfield>
        <subfield code='l'>ksta</subfield>
        <subfield code='s'>o</subfield>
        <subfield code='t'>3</subfield>
        <subfield code='c'>1</subfield>
        <subfield code='o'>0</subfield>
        <subfield code='b'>L00292855V</subfield>
        <subfield code='p'>090</subfield>
        <subfield code='q'>|aK23|b.T2644</subfield>
        <subfield code='v'>v.35 (1999)</subfield>
      </datafield>
      <datafield ind1='9' ind2='1' tag='999'>
        <subfield code='i'>i2464091</subfield>
        <subfield code='l'>ksta</subfield>
        <subfield code='s'>o</subfield>
        <subfield code='t'>3</subfield>
        <subfield code='c'>1</subfield>
        <subfield code='o'>0</subfield>
        <subfield code='b'>L00307917R</subfield>
        <subfield code='p'>090</subfield>
        <subfield code='q'>|aK23|b.T2644</subfield>
        <subfield code='v'>v.36 (2000)</subfield>
      </datafield>
      <datafield ind1='9' ind2='1' tag='999'>
        <subfield code='i'>i2464092</subfield>
        <subfield code='l'>ksta</subfield>
        <subfield code='s'>o</subfield>
        <subfield code='t'>3</subfield>
        <subfield code='c'>1</subfield>
        <subfield code='o'>0</subfield>
        <subfield code='b'>L00315511G</subfield>
        <subfield code='p'>090</subfield>
        <subfield code='q'>|aK23|b.T2644</subfield>
        <subfield code='v'>v.37 (2001)</subfield>
      </datafield>
      <datafield ind1='9' ind2='1' tag='999'>
        <subfield code='i'>i2464093</subfield>
        <subfield code='l'>ksta</subfield>
        <subfield code='s'>o</subfield>
        <subfield code='t'>3</subfield>
        <subfield code='c'>1</subfield>
        <subfield code='o'>0</subfield>
        <subfield code='b'>L00323939T</subfield>
        <subfield code='p'>090</subfield>
        <subfield code='q'>|aK23|b.T2644</subfield>
        <subfield code='v'>v.38 (2002)</subfield>
      </datafield>
      <datafield ind1='9' ind2='1' tag='999'>
        <subfield code='i'>i2464094</subfield>
        <subfield code='l'>ksta</subfield>
        <subfield code='s'>o</subfield>
        <subfield code='t'>3</subfield>
        <subfield code='c'>1</subfield>
        <subfield code='o'>0</subfield>
        <subfield code='b'>L00334652N</subfield>
        <subfield code='p'>090</subfield>
        <subfield code='q'>|aK23|b.T2644</subfield>
        <subfield code='v'>v.39 (2003)</subfield>
      </datafield>
      <datafield ind1='9' ind2='1' tag='999'>
        <subfield code='i'>i6290999</subfield>
        <subfield code='l'>ksta</subfield>
        <subfield code='s'>o</subfield>
        <subfield code='t'>3</subfield>
        <subfield code='c'>1</subfield>
        <subfield code='o'>0</subfield>
        <subfield code='b'>L00342662N</subfield>
        <subfield code='p'>090</subfield>
        <subfield code='q'>|aK23|b.T2644</subfield>
        <subfield code='v'>v.40 (2004) </subfield>
      </datafield>
      <datafield ind1='9' ind2='1' tag='999'>
        <subfield code='i'>i6503897</subfield>
        <subfield code='l'>ksta</subfield>
        <subfield code='s'>o</subfield>
        <subfield code='t'>3</subfield>
        <subfield code='c'>1</subfield>
        <subfield code='o'>0</subfield>
        <subfield code='b'>L00352733N</subfield>
        <subfield code='p'>090</subfield>
        <subfield code='q'>|aK23 .T2644</subfield>
        <subfield code='v'>v.41 (2005) </subfield>
      </datafield>
      <datafield ind1='9' ind2='1' tag='999'>
        <subfield code='i'>i6858862</subfield>
        <subfield code='l'>ksta</subfield>
        <subfield code='s'>o</subfield>
        <subfield code='t'>3</subfield>
        <subfield code='c'>1</subfield>
        <subfield code='o'>0</subfield>
        <subfield code='b'>L00360747R</subfield>
        <subfield code='p'>090</subfield>
        <subfield code='q'>|aK23 .T2644</subfield>
        <subfield code='v'>v.42 (2006) </subfield>
      </datafield>
      <datafield ind1='9' ind2='1' tag='999'>
        <subfield code='i'>i7519420</subfield>
        <subfield code='l'>ksta</subfield>
        <subfield code='s'>o</subfield>
        <subfield code='t'>3</subfield>
        <subfield code='c'>1</subfield>
        <subfield code='o'>0</subfield>
        <subfield code='b'>L00366325P</subfield>
        <subfield code='p'>090</subfield>
        <subfield code='q'>|aK23|b.T2644</subfield>
        <subfield code='v'>v.43 (2007) </subfield>
      </datafield>
      <datafield ind1='9' ind2='1' tag='999'>
        <subfield code='i'>i7292487</subfield>
        <subfield code='l'>ksta</subfield>
        <subfield code='s'>o</subfield>
        <subfield code='t'>3</subfield>
        <subfield code='c'>1</subfield>
        <subfield code='o'>0</subfield>
        <subfield code='b'>L00364019N</subfield>
        <subfield code='p'>090</subfield>
        <subfield code='q'>|aK23|b.T2644</subfield>
        <subfield code='v'>v.43A(2007)</subfield>
      </datafield>
      <datafield ind1='9' ind2='1' tag='999'>
        <subfield code='i'>i7810927</subfield>
        <subfield code='l'>ksta</subfield>
        <subfield code='s'>o</subfield>
        <subfield code='t'>3</subfield>
        <subfield code='c'>1</subfield>
        <subfield code='o'>0</subfield>
        <subfield code='b'>L00373240J</subfield>
        <subfield code='p'>090</subfield>
        <subfield code='q'>|aK23|b.T2644</subfield>
        <subfield code='v'>v.44 (2008) </subfield>
      </datafield>
      <datafield ind1='9' ind2='1' tag='999'>
        <subfield code='i'>i9139335</subfield>
        <subfield code='l'>ksta</subfield>
        <subfield code='s'>o</subfield>
        <subfield code='t'>3</subfield>
        <subfield code='c'>1</subfield>
        <subfield code='o'>0</subfield>
        <subfield code='b'>L00390814P</subfield>
        <subfield code='p'>090</subfield>
        <subfield code='q'>|aK23|b.T2644</subfield>
        <subfield code='v'>v.45/46 (2009/10) </subfield>
      </datafield>
      <datafield ind1='9' ind2='1' tag='999'>
        <subfield code='i'>i9590577</subfield>
        <subfield code='l'>ksta</subfield>
        <subfield code='s'>o</subfield>
        <subfield code='t'>3</subfield>
        <subfield code='c'>1</subfield>
        <subfield code='o'>0</subfield>
        <subfield code='b'>L00395049U</subfield>
        <subfield code='p'>090</subfield>
        <subfield code='q'>|aK23|b.T2644</subfield>
        <subfield code='v'>v.47 (2011) </subfield>
      </datafield>
      <datafield ind1='9' ind2='1' tag='999'>
        <subfield code='i'>i10024355</subfield>
        <subfield code='l'>ksta</subfield>
        <subfield code='s'>o</subfield>
        <subfield code='t'>3</subfield>
        <subfield code='c'>1</subfield>
        <subfield code='o'>0</subfield>
        <subfield code='b'>L00399746</subfield>
        <subfield code='p'>090</subfield>
        <subfield code='q'>|aK23|b.T2644</subfield>
        <subfield code='v'>v.48 (2012) </subfield>
      </datafield>
      <datafield ind1='9' ind2='1' tag='999'>
        <subfield code='i'>i10135515</subfield>
        <subfield code='l'>ksta</subfield>
        <subfield code='s'>o</subfield>
        <subfield code='t'>3</subfield>
        <subfield code='c'>1</subfield>
        <subfield code='o'>0</subfield>
        <subfield code='b'>L00400908L</subfield>
        <subfield code='p'>090</subfield>
        <subfield code='q'>|aK23|b.T2644</subfield>
        <subfield code='v'>v.49 (2013) </subfield>
      </datafield>
      <datafield ind1='9' ind2='2' tag='999'>
        <subfield code='a'>c14016327</subfield>
        <subfield code='b'>ksta</subfield>
        <subfield code='c'>0</subfield>
      </datafield>
      <datafield ind1='9' ind2='3' tag='999'>
        <subfield code='0'>c14016327</subfield>
        <subfield code='2'>852</subfield>
        <subfield code='3'>c</subfield>
        <subfield code='h'>K23</subfield>
        <subfield code='i'>.T2644</subfield>
      </datafield>
      <datafield ind1='9' ind2='3' tag='999'>
        <subfield code='0'>c14016327</subfield>
        <subfield code='2'>852</subfield>
        <subfield code='3'>c</subfield>
        <subfield code='z'>Bound volumes</subfield>
      </datafield>
      <datafield ind1='9' ind2='3' tag='999'>
        <subfield code='0'>c14016327</subfield>
        <subfield code='2'>853</subfield>
        <subfield code='3'>y</subfield>
        <subfield code='8'>1</subfield>
        <subfield code='a'>v.</subfield>
        <subfield code='i'>(year)</subfield>
        <subfield code='t'>c</subfield>
        <subfield code='x'>Subscription canceled 1/13.</subfield>
      </datafield>
      <datafield ind1='9' ind2='3' tag='999'>
        <subfield code='0'>c14016327</subfield>
        <subfield code='2'>863</subfield>
        <subfield code='3'>h</subfield>
        <subfield code='8'>1.1</subfield>
        <subfield code='a'>16-49</subfield>
        <subfield code='i'>1980-2013</subfield>
      </datafield>
  </record>