
  <record>
    <leader>00000cam a22004218i 4500</leader>
      <controlfield tag='008'>130412s2013    nyu      b    001 0 eng  </controlfield>
      <controlfield tag='001'>841187590</controlfield>
      <controlfield tag='003'>OCoLC</controlfield>
      <controlfield tag='005'>20130930110502.0</controlfield>
      <datafield ind1=' ' ind2=' ' tag='010'>
        <subfield code='a'>2013015206</subfield>
      </datafield>
      <datafield ind1=' ' ind2=' ' tag='020'>
        <subfield code='a'>9781583334980 (hardback)</subfield>
      </datafield>
      <datafield ind1=' ' ind2=' ' tag='020'>
        <subfield code='a'>158333498X (hardback)</subfield>
      </datafield>
      <datafield ind1=' ' ind2=' ' tag='035'>
        <subfield code='a'>(OCoLC)841187590</subfield>
      </datafield>
      <datafield ind1=' ' ind2=' ' tag='040'>
        <subfield code='a'>DLC</subfield>
        <subfield code='b'>eng</subfield>
        <subfield code='e'>rda</subfield>
        <subfield code='c'>DLC</subfield>
        <subfield code='d'>OCLCQ</subfield>
        <subfield code='d'>OCLCO</subfield>
        <subfield code='d'>IH7</subfield>
        <subfield code='d'>ABG</subfield>
        <subfield code='d'>IHG</subfield>
        <subfield code='d'>OCLCA</subfield>
        <subfield code='d'>VP@</subfield>
        <subfield code='d'>YDXCP</subfield>
        <subfield code='d'>NOC</subfield>
      </datafield>
      <datafield ind1=' ' ind2=' ' tag='042'>
        <subfield code='a'>pcc</subfield>
      </datafield>
      <datafield ind1=' ' ind2=' ' tag='049'>
        <subfield code='a'>NODB</subfield>
      </datafield>
      <datafield ind1='0' ind2='0' tag='050'>
        <subfield code='a'>RG658</subfield>
        <subfield code='b'>.L94 2013</subfield>
      </datafield>
      <datafield ind1='0' ind2='0' tag='082'>
        <subfield code='a'>618.2</subfield>
        <subfield code='2'>23</subfield>
      </datafield>
      <datafield ind1=' ' ind2=' ' tag='084'>
        <subfield code='a'>HEA041000</subfield>
        <subfield code='a'>HEA024000</subfield>
        <subfield code='a'>HEA028000</subfield>
        <subfield code='2'>bisacsh</subfield>
      </datafield>
      <datafield ind1='1' ind2=' ' tag='100'>
        <subfield code='a'>Lyerly, Anne Drapkin,</subfield>
        <subfield code='e'>author.</subfield>
      </datafield>
      <datafield ind1='1' ind2='2' tag='245'>
        <subfield code='a'>A good birth :</subfield>
        <subfield code='b'>finding the positive and profound in your childbirth experience /</subfield>
        <subfield code='c'>Anne Drapkin Lyerly, M.D.</subfield>
      </datafield>
      <datafield ind1=' ' ind2='1' tag='264'>
        <subfield code='a'>New York :</subfield>
        <subfield code='b'>Avery, a member of Penguin Group (USA) Inc.,</subfield>
        <subfield code='c'>[2013]</subfield>
      </datafield>
      <datafield ind1=' ' ind2=' ' tag='300'>
        <subfield code='a'>276 pages ;</subfield>
        <subfield code='c'>24 cm</subfield>
      </datafield>
      <datafield ind1=' ' ind2=' ' tag='336'>
        <subfield code='a'>text</subfield>
        <subfield code='b'>txt</subfield>
        <subfield code='2'>rdacontent</subfield>
      </datafield>
      <datafield ind1=' ' ind2=' ' tag='337'>
        <subfield code='a'>unmediated</subfield>
        <subfield code='b'>n</subfield>
        <subfield code='2'>rdamedia</subfield>
      </datafield>
      <datafield ind1=' ' ind2=' ' tag='338'>
        <subfield code='a'>volume</subfield>
        <subfield code='b'>nc</subfield>
        <subfield code='2'>rdacarrier</subfield>
      </datafield>
      <datafield ind1=' ' ind2=' ' tag='504'>
        <subfield code='a'>Includes bibliographical references (pages [257]-263) and index.</subfield>
      </datafield>
      <datafield ind1='0' ind2=' ' tag='505'>
        <subfield code='a'>In search of a good birth -- Control -- Agency -- Personal security -- Connectedness -- Respect -- Knowledge -- Looking forward, looking back : birth as transformation -- Common ground : notes to maternity care providers.</subfield>
      </datafield>
      <datafield ind1=' ' ind2=' ' tag='520'>
        <subfield code='a'>&quot;Drawing on a landmark study involving more than one hundred pregnant women and mothers, a renowned OB/GYN synthesizes the secrets to a good birth medically and emotionally. Most doctors are trained to think of a &quot;good&quot; birth only in terms of its medical success. But Dr. Anne Lyerly knows firsthand that there are many other important elements that often get overlooked. Her three-year study of a diverse group of over one hundred expectant moms asked what matters most to women during childbirth. The results, presented to the public for the first time in A Good Birth, show what really matters goes beyond the clinical outcome or even the usual questions of hospital versus birthing center, and reveal universal needs of women, like the importance of feeling connected, safe, and respected. Bringing a new perspective to childbirth, the book&apos;s wisdom is drawn from in-depth interviews with women with a wide variety of backgrounds and experiences, and whose birth stories range from quick and simple to complicated and frightening. Describing what went well, what didn&apos;t, and what they&apos;d do differently next time, these mothers give voice to the complete experience of childbirth, helping both women and their healthcare providers develop strategies to address the emotional needs of the mother, going beyond the standard birth plans and conversations. Transcending the &quot;medical&quot; versus &quot;natural&quot; childbirth debate, A Good Birth paves the entryway to motherhood, turning our attention to the deeper and more important question of what truly makes for the best birth possible&quot;--</subfield>
        <subfield code='c'>Provided by publisher.</subfield>
      </datafield>
      <datafield ind1=' ' ind2='0' tag='650'>
        <subfield code='a'>Childbirth</subfield>
        <subfield code='v'>Case studies.</subfield>
      </datafield>
      <datafield ind1=' ' ind2='0' tag='650'>
        <subfield code='a'>Childbirth</subfield>
        <subfield code='x'>Psychological aspects</subfield>
        <subfield code='v'>Case studies.</subfield>
      </datafield>
      <datafield ind1=' ' ind2='0' tag='650'>
        <subfield code='a'>Pregnancy</subfield>
        <subfield code='x'>Psychological aspects</subfield>
        <subfield code='v'>Case studies.</subfield>
      </datafield>
      <datafield ind1='2' ind2=' ' tag='791'>
        <subfield code='a'>Chapman Kenton Curry Library Fund.</subfield>
      </datafield>
      <datafield ind1=' ' ind2=' ' tag='907'>
        <subfield code='a'>b7468345</subfield>
      </datafield>
      <datafield ind1='9' ind2='1' tag='999'>
        <subfield code='i'>i10118627</subfield>
        <subfield code='l'>wbda</subfield>
        <subfield code='s'>o</subfield>
        <subfield code='t'>0</subfield>
        <subfield code='c'>1</subfield>
        <subfield code='o'>0</subfield>
        <subfield code='b'>00038209232</subfield>
        <subfield code='p'>099</subfield>
        <subfield code='q'>|aC378|aUML984.1</subfield>
        <subfield code='n'>Dustjacket.</subfield>
      </datafield>
  </record>