
  <record>
    <leader>00000nam  2200421 a 4500</leader>
      <controlfield tag='006'>m        d f</controlfield>
      <controlfield tag='008'>081209s2008    dcua    sb   f000 0 eng c</controlfield>
      <controlfield tag='007'>cr mn|||||||||</controlfield>
      <controlfield tag='001'>277226612</controlfield>
      <controlfield tag='003'>OCoLC</controlfield>
      <controlfield tag='005'>20081209101653.0</controlfield>
      <datafield ind1=' ' ind2=' ' tag='037'>
        <subfield code='b'>U.S. Govt. Accountability Office, 441 G St., NW, Rm. LM, Washington, D.C. 20548; (202)512-6000 (voice); (202)512-6061 (Fax); (202)512-2537 (TDD)</subfield>
        <subfield code='f'>paper copy</subfield>
      </datafield>
      <datafield ind1=' ' ind2=' ' tag='040'>
        <subfield code='a'>GPO</subfield>
        <subfield code='c'>GPO</subfield>
        <subfield code='d'>MvI</subfield>
      </datafield>
      <datafield ind1=' ' ind2=' ' tag='042'>
        <subfield code='a'>pcc</subfield>
      </datafield>
      <datafield ind1=' ' ind2=' ' tag='043'>
        <subfield code='a'>n-us---</subfield>
      </datafield>
      <datafield ind1=' ' ind2=' ' tag='074'>
        <subfield code='a'>0546-D-01 (online)</subfield>
      </datafield>
      <datafield ind1='0' ind2=' ' tag='086'>
        <subfield code='a'>GA 1.5/2:GAO-08-1167 T</subfield>
      </datafield>
      <datafield ind1='1' ind2=' ' tag='100'>
        <subfield code='a'>Goldenkoff, Robert.</subfield>
      </datafield>
      <datafield ind1='1' ind2='0' tag='245'>
        <subfield code='a'>2010 census</subfield>
        <subfield code='h'>[electronic resource] :</subfield>
        <subfield code='b'>the Bureau&apos;s plans for reducing the undercount show promise, but key uncertainties remain : testimony before the Subcommittee on Federal Financial Management, Government Information, Federal Services, and International Security, Committee on Homeland Security and Governmental Affairs, U.S. Senate /</subfield>
        <subfield code='c'>statement of Robert Goldenkoff.</subfield>
      </datafield>
      <datafield ind1='3' ind2='0' tag='246'>
        <subfield code='a'>Bureau&apos;s plans for reducing the undercount show promise, but key uncertainties remain</subfield>
      </datafield>
      <datafield ind1=' ' ind2=' ' tag='260'>
        <subfield code='a'>[Washington, D.C.] :</subfield>
        <subfield code='b'>U.S. Govt. Accountability Office,</subfield>
        <subfield code='c'>[2008]</subfield>
      </datafield>
      <datafield ind1=' ' ind2=' ' tag='300'>
        <subfield code='a'>18 p. :</subfield>
        <subfield code='b'>digital, PDF file.</subfield>
      </datafield>
      <datafield ind1=' ' ind2=' ' tag='500'>
        <subfield code='a'>Title from title screen (viewed on Nov. 25, 2008).</subfield>
      </datafield>
      <datafield ind1=' ' ind2=' ' tag='500'>
        <subfield code='a'>&quot;For release ... September 23, 2008.&quot;</subfield>
      </datafield>
      <datafield ind1=' ' ind2=' ' tag='504'>
        <subfield code='a'>Includes bibliographical references.</subfield>
      </datafield>
      <datafield ind1=' ' ind2=' ' tag='538'>
        <subfield code='a'>Mode of access: Internet from GAO web site. Address as of 11/25/08: http://www.gao.gov/new.items/d081088.pdf ; current access available via PURL.</subfield>
      </datafield>
      <datafield ind1='2' ind2='0' tag='610'>
        <subfield code='a'>U.S. Census Bureau</subfield>
        <subfield code='v'>Rules and practice.</subfield>
      </datafield>
      <datafield ind1=' ' ind2='0' tag='650'>
        <subfield code='a'>Census undercounts</subfield>
        <subfield code='z'>United States</subfield>
        <subfield code='x'>Prevention.</subfield>
      </datafield>
      <datafield ind1=' ' ind2='0' tag='651'>
        <subfield code='a'>United States</subfield>
        <subfield code='x'>Census, 2010</subfield>
        <subfield code='x'>Planning.</subfield>
      </datafield>
      <datafield ind1='1' ind2=' ' tag='710'>
        <subfield code='a'>United States.</subfield>
        <subfield code='b'>Congress.</subfield>
        <subfield code='b'>Senate.</subfield>
        <subfield code='b'>Committee on Homeland Security and Governmental Affairs.</subfield>
        <subfield code='b'>Subcommittee on Federal Financial Management, Government Information, and International Security.</subfield>
      </datafield>
      <datafield ind1='1' ind2=' ' tag='710'>
        <subfield code='a'>United States.</subfield>
        <subfield code='b'>Government Accountability Office.</subfield>
      </datafield>
      <datafield ind1='0' ind2=' ' tag='776'>
        <subfield code='a'>Goldenkoff, Robert.</subfield>
        <subfield code='t'>2010 census : the Bureau&apos;s plans for reducing the undercount show promise, but key uncertainties remain</subfield>
        <subfield code='h'>18 p.</subfield>
        <subfield code='w'>(OCoLC)264873482</subfield>
      </datafield>
      <datafield ind1=' ' ind2='0' tag='830'>
        <subfield code='a'>Testimony ;</subfield>
        <subfield code='v'>GAO-08-1167 T.</subfield>
      </datafield>
      <datafield ind1='4' ind2='0' tag='856'>
        <subfield code='u'>http://purl.access.gpo.gov/GPO/LPS105082</subfield>
      </datafield>
      <datafield ind1=' ' ind2=' ' tag='919'>
        <subfield code='a'>dwsgpo</subfield>
      </datafield>
      <datafield ind1=' ' ind2=' ' tag='907'>
        <subfield code='a'>b5885378</subfield>
      </datafield>
  </record>