
  <record>
    <leader>00000cas a2200421 a 4500</leader>
      <controlfield tag='006'>m        d</controlfield>
      <controlfield tag='007'>cr  n</controlfield>
      <controlfield tag='008'>900331c19889999uy fr p s     0   b0spa  </controlfield>
      <controlfield tag='001'>ssj0000684503</controlfield>
      <controlfield tag='003'>WaSeSS</controlfield>
      <controlfield tag='005'>20160508061549.0</controlfield>
      <datafield ind1=' ' ind2=' ' tag='010'>
        <subfield code='a'>sn 90031131</subfield>
      </datafield>
      <datafield ind1='7' ind2=' ' tag='016'>
        <subfield code='a'>9003024</subfield>
        <subfield code='2'>DNLM</subfield>
      </datafield>
      <datafield ind1='7' ind2=' ' tag='016'>
        <subfield code='a'>SR0065066</subfield>
        <subfield code='2'>DNLM</subfield>
      </datafield>
      <datafield ind1=' ' ind2=' ' tag='022'>
        <subfield code='l'>0797-0374</subfield>
        <subfield code='y'>0797-0374</subfield>
      </datafield>
      <datafield ind1=' ' ind2=' ' tag='035'>
        <subfield code='z'>21290634</subfield>
      </datafield>
      <datafield ind1=' ' ind2=' ' tag='040'>
        <subfield code='a'>NLM</subfield>
        <subfield code='b'>eng</subfield>
        <subfield code='c'>NLM</subfield>
        <subfield code='d'>NSD</subfield>
        <subfield code='d'>NLM</subfield>
        <subfield code='d'>OCLCQ</subfield>
        <subfield code='d'>NLM</subfield>
        <subfield code='d'>OCLCQ</subfield>
        <subfield code='d'>STF</subfield>
        <subfield code='d'>OCLCO</subfield>
        <subfield code='d'>CUS</subfield>
        <subfield code='d'>OCLCF</subfield>
        <subfield code='d'>OCLCO</subfield>
        <subfield code='d'>CUS</subfield>
        <subfield code='d'>OCLCQ</subfield>
        <subfield code='d'>OCLCO</subfield>
        <subfield code='d'>RDF</subfield>
        <subfield code='d'>OCLCO</subfield>
        <subfield code='d'>OCLCQ</subfield>
        <subfield code='d'>WaSeSS</subfield>
      </datafield>
      <datafield ind1=' ' ind2=' ' tag='042'>
        <subfield code='a'>pcc</subfield>
        <subfield code='a'>nsdp</subfield>
      </datafield>
      <datafield ind1='1' ind2='4' tag='050'>
        <subfield code='a'>RK1</subfield>
      </datafield>
      <datafield ind1='0' ind2='0' tag='060'>
        <subfield code='a'>W1</subfield>
        <subfield code='b'>OD233</subfield>
      </datafield>
      <datafield ind1='0' ind2=' ' tag='130'>
        <subfield code='a'>Odontoestomatología (Online)</subfield>
      </datafield>
      <datafield ind1='0' ind2=' ' tag='210'>
        <subfield code='a'>Odontoestomatología</subfield>
      </datafield>
      <datafield ind1=' ' ind2='0' tag='222'>
        <subfield code='a'>Odontoestomatología</subfield>
      </datafield>
      <datafield ind1='1' ind2='0' tag='245'>
        <subfield code='a'>Odontoestomatología</subfield>
        <subfield code='h'>[electronic resource].</subfield>
      </datafield>
      <datafield ind1=' ' ind2=' ' tag='260'>
        <subfield code='a'>[Montevideo, Uruguay] :</subfield>
        <subfield code='b'>[Universidad de la República, Facultad de Odontología],</subfield>
        <subfield code='c'>[1988-1995]</subfield>
      </datafield>
      <datafield ind1=' ' ind2=' ' tag='310'>
        <subfield code='a'>Semiannual</subfield>
      </datafield>
      <datafield ind1='0' ind2=' ' tag='362'>
        <subfield code='a'>1 ([agosto 1988])-</subfield>
      </datafield>
      <datafield ind1=' ' ind2=' ' tag='500'>
        <subfield code='a'>Title from cover.</subfield>
      </datafield>
      <datafield ind1=' ' ind2=' ' tag='515'>
        <subfield code='a'>Issues for Aug. 1988- also called v. 1, no. 1-</subfield>
      </datafield>
      <datafield ind1=' ' ind2=' ' tag='550'>
        <subfield code='a'>Official publication of: the Facultad de Odontología.</subfield>
      </datafield>
      <datafield ind1=' ' ind2='2' tag='650'>
        <subfield code='a'>Dentistry</subfield>
        <subfield code='v'>Periodicals.</subfield>
      </datafield>
      <datafield ind1=' ' ind2='0' tag='650'>
        <subfield code='a'>Dentistry</subfield>
        <subfield code='v'>Periodicals.</subfield>
      </datafield>
      <datafield ind1=' ' ind2='7' tag='650'>
        <subfield code='a'>Dentistry.</subfield>
        <subfield code='2'>fast</subfield>
        <subfield code='0'>(OCoLC)fst00890633</subfield>
      </datafield>
      <datafield ind1=' ' ind2='0' tag='655'>
        <subfield code='a'>Electronic journals.</subfield>
      </datafield>
      <datafield ind1='2' ind2=' ' tag='710'>
        <subfield code='a'>Universidad de la República (Uruguay).</subfield>
        <subfield code='b'>Facultad de Odontología.</subfield>
      </datafield>
      <datafield ind1=' ' ind2=' ' tag='850'>
        <subfield code='a'>DNLM</subfield>
      </datafield>
      <datafield ind1='4' ind2='0' tag='856'>
        <subfield code='y'>Full text available via the UNC-Chapel Hill Libraries</subfield>
        <subfield code='u'>http://VB3LK7EB4T.search.serialssolutions.com/?V=1.0&amp;L=VB3LK7EB4T&amp;S=JCs&amp;C=TC0000684503&amp;T=marc</subfield>
        <subfield code='x'>Directory of Open Access Journals</subfield>
      </datafield>
      <datafield ind1='4' ind2='0' tag='907'>
        <subfield code='a'>b7199129</subfield>
      </datafield>
  </record>