
  <record>
    <leader>00000cam  2200313 a 4500</leader>
      <controlfield tag='008'>980616s1997    gw       b    000 0 ger d</controlfield>
      <controlfield tag='001'>38925429</controlfield>
      <controlfield tag='005'>19990316132414.0</controlfield>
      <datafield ind1=' ' ind2=' ' tag='010'>
        <subfield code='a'>98161049</subfield>
      </datafield>
      <datafield ind1=' ' ind2=' ' tag='020'>
        <subfield code='a'>3929899744</subfield>
      </datafield>
      <datafield ind1=' ' ind2=' ' tag='040'>
        <subfield code='a'>EYM</subfield>
        <subfield code='c'>DLC</subfield>
        <subfield code='d'>NOC</subfield>
      </datafield>
      <datafield ind1=' ' ind2=' ' tag='042'>
        <subfield code='a'>lccopycat</subfield>
      </datafield>
      <datafield ind1=' ' ind2=' ' tag='043'>
        <subfield code='a'>e-gx---</subfield>
        <subfield code='a'>e------</subfield>
      </datafield>
      <datafield ind1='0' ind2='0' tag='050'>
        <subfield code='a'>Z2235.P43</subfield>
        <subfield code='b'>H36 1997</subfield>
        <subfield code='a'>PT1141</subfield>
      </datafield>
      <datafield ind1='0' ind2='0' tag='245'>
        <subfield code='a'>Handbuch deutschsprachiger Literaturzeitscriften /</subfield>
        <subfield code='c'>Red.: Caroline Hartge.</subfield>
      </datafield>
      <datafield ind1=' ' ind2=' ' tag='250'>
        <subfield code='a'>[2. Aufl.].</subfield>
      </datafield>
      <datafield ind1=' ' ind2=' ' tag='260'>
        <subfield code='a'>Gelsenkirchen :</subfield>
        <subfield code='b'>Autorenverlag Matern,</subfield>
        <subfield code='c'>c1997.</subfield>
      </datafield>
      <datafield ind1=' ' ind2=' ' tag='300'>
        <subfield code='a'>227 p. ;</subfield>
        <subfield code='c'>20 cm.</subfield>
      </datafield>
      <datafield ind1=' ' ind2='0' tag='650'>
        <subfield code='a'>German literature</subfield>
        <subfield code='y'>20th century</subfield>
        <subfield code='x'>Periodicals</subfield>
        <subfield code='v'>Bibliography.</subfield>
      </datafield>
      <datafield ind1=' ' ind2='0' tag='650'>
        <subfield code='a'>German periodicals</subfield>
        <subfield code='v'>Bibliography.</subfield>
      </datafield>
      <datafield ind1=' ' ind2='0' tag='650'>
        <subfield code='a'>Little magazines</subfield>
        <subfield code='z'>Europe, German-speaking</subfield>
        <subfield code='v'>Bibliography.</subfield>
      </datafield>
      <datafield ind1=' ' ind2='0' tag='650'>
        <subfield code='a'>Underground press publications</subfield>
        <subfield code='z'>Europe, German-speaking</subfield>
        <subfield code='v'>Bibliography.</subfield>
      </datafield>
      <datafield ind1='1' ind2=' ' tag='700'>
        <subfield code='a'>Hartge, Caroline.</subfield>
      </datafield>
      <datafield ind1=' ' ind2='0' tag='830'>
        <subfield code='a'>Soziokulturelle Studien ;</subfield>
        <subfield code='v'>Bd. 3.</subfield>
      </datafield>
      <datafield ind1=' ' ind2=' ' tag='907'>
        <subfield code='a'>b3210276</subfield>
      </datafield>
      <datafield ind1='9' ind2='1' tag='999'>
        <subfield code='i'>i4559971</subfield>
        <subfield code='l'>ddda</subfield>
        <subfield code='s'>-</subfield>
        <subfield code='t'>0</subfield>
        <subfield code='c'>1</subfield>
        <subfield code='o'>0</subfield>
        <subfield code='b'>00016416905</subfield>
        <subfield code='p'>090</subfield>
        <subfield code='q'>|aPT1141 .H36 1997</subfield>
      </datafield>
  </record>