
  <record>
    <leader>00000cam a22004098a 4500</leader>
      <controlfield tag='008'>960326s1996    mdua     b    001 0 eng c</controlfield>
      <controlfield tag='001'>34545128</controlfield>
      <controlfield tag='005'>19960716155727.0</controlfield>
      <datafield ind1=' ' ind2=' ' tag='010'>
        <subfield code='a'>96016316</subfield>
      </datafield>
      <datafield ind1=' ' ind2=' ' tag='020'>
        <subfield code='a'>0683005936 (alk. paper)</subfield>
      </datafield>
      <datafield ind1='1' ind2=' ' tag='029'>
        <subfield code='a'>NLM</subfield>
        <subfield code='b'>9605050</subfield>
      </datafield>
      <datafield ind1=' ' ind2=' ' tag='040'>
        <subfield code='a'>DNLM/DLC</subfield>
        <subfield code='d'>NLM</subfield>
        <subfield code='d'>NOH</subfield>
      </datafield>
      <datafield ind1='0' ind2='0' tag='050'>
        <subfield code='a'>RG101</subfield>
        <subfield code='b'>.N69 1996</subfield>
      </datafield>
      <datafield ind1='1' ind2='0' tag='060'>
        <subfield code='a'>WP 100</subfield>
        <subfield code='b'>N9351 1996</subfield>
      </datafield>
      <datafield ind1='0' ind2=' ' tag='069'>
        <subfield code='a'>9605050</subfield>
      </datafield>
      <datafield ind1='0' ind2='0' tag='082'>
        <subfield code='a'>618.1</subfield>
        <subfield code='2'>20</subfield>
      </datafield>
      <datafield ind1='0' ind2='0' tag='245'>
        <subfield code='a'>Novak&apos;s gynecology.</subfield>
      </datafield>
      <datafield ind1='3' ind2='0' tag='246'>
        <subfield code='a'>Gynecology</subfield>
      </datafield>
      <datafield ind1=' ' ind2=' ' tag='250'>
        <subfield code='a'>12th ed. /</subfield>
        <subfield code='b'>editor, Jonathan S. Berek ; associate editors, Eli Y. Adashi, Paula A. Hillard ; illustration and graphic design, Timothy C. Hengst ; editorial assistance, Rebecca D. Rinehart.</subfield>
      </datafield>
      <datafield ind1=' ' ind2=' ' tag='260'>
        <subfield code='a'>Baltimore :</subfield>
        <subfield code='b'>Williams &amp; Wilkins,</subfield>
        <subfield code='c'>c1996.</subfield>
      </datafield>
      <datafield ind1=' ' ind2=' ' tag='300'>
        <subfield code='a'>xxiv, 1359 p. :</subfield>
        <subfield code='b'>ill. (some col.) ;</subfield>
        <subfield code='c'>29 cm.</subfield>
      </datafield>
      <datafield ind1=' ' ind2=' ' tag='500'>
        <subfield code='a'>Rev. ed. of: Novak&apos;s textbook of gynecology / Howard W. Jones III, Anne Colston Wentz, Lonnie S. Burnett. 11th ed. c1988.</subfield>
      </datafield>
      <datafield ind1=' ' ind2=' ' tag='504'>
        <subfield code='a'>Includes bibliographical references and index.</subfield>
      </datafield>
      <datafield ind1='1' ind2='2' tag='650'>
        <subfield code='a'>Genital Diseases, Female.</subfield>
      </datafield>
      <datafield ind1=' ' ind2='0' tag='650'>
        <subfield code='a'>Gynecology.</subfield>
      </datafield>
      <datafield ind1='2' ind2='2' tag='650'>
        <subfield code='a'>Gynecology</subfield>
        <subfield code='x'>methods.</subfield>
      </datafield>
      <datafield ind1='1' ind2=' ' tag='700'>
        <subfield code='a'>Berek, Jonathan S.</subfield>
      </datafield>
      <datafield ind1='1' ind2=' ' tag='700'>
        <subfield code='a'>Adashi, E. Y.</subfield>
      </datafield>
      <datafield ind1='1' ind2=' ' tag='700'>
        <subfield code='a'>Hillard, Paula Adams.</subfield>
      </datafield>
      <datafield ind1='1' ind2=' ' tag='700'>
        <subfield code='a'>Jones, Howard W.,</subfield>
        <subfield code='c'>III,</subfield>
        <subfield code='d'>1942-</subfield>
        <subfield code='t'>Novak&apos;s textbook of gynecology.</subfield>
      </datafield>
      <datafield ind1='1' ind2=' ' tag='700'>
        <subfield code='a'>Novak, Edmund R.</subfield>
        <subfield code='t'>Textbook of gynecology.</subfield>
      </datafield>
      <datafield ind1='1' ind2=' ' tag='700'>
        <subfield code='a'>Novak, Emil,</subfield>
        <subfield code='d'>1883-1957.</subfield>
      </datafield>
      <datafield ind1=' ' ind2=' ' tag='907'>
        <subfield code='a'>b2845729</subfield>
      </datafield>
      <datafield ind1='9' ind2='1' tag='999'>
        <subfield code='i'>i4082374</subfield>
        <subfield code='l'>nohh</subfield>
        <subfield code='s'>-</subfield>
        <subfield code='t'>0</subfield>
        <subfield code='c'>2</subfield>
        <subfield code='o'>13</subfield>
        <subfield code='b'>H00214511E</subfield>
        <subfield code='p'>096</subfield>
        <subfield code='q'>|aWP 100 N935t 1996</subfield>
      </datafield>
  </record>