
  <record>
    <leader>00000cam a22002771a 4500</leader>
      <controlfield tag='008'>810920s1943    moua          001 0 eng  </controlfield>
      <controlfield tag='001'>3105756</controlfield>
      <controlfield tag='005'>20040123090655.0</controlfield>
      <datafield ind1=' ' ind2=' ' tag='040'>
        <subfield code='a'>NLM</subfield>
        <subfield code='c'>NLM</subfield>
        <subfield code='d'>NOH</subfield>
      </datafield>
      <datafield ind1='0' ind2='0' tag='060'>
        <subfield code='a'>WQ 17</subfield>
        <subfield code='b'>T623a 1943</subfield>
      </datafield>
      <datafield ind1='1' ind2=' ' tag='100'>
        <subfield code='a'>Titus, Paul,</subfield>
        <subfield code='d'>1885-1951.</subfield>
      </datafield>
      <datafield ind1='1' ind2='0' tag='245'>
        <subfield code='a'>Atlas of obstetric technic /</subfield>
        <subfield code='c'>by Paul Titus ; illustrations by E.M. Shackelford.</subfield>
      </datafield>
      <datafield ind1=' ' ind2=' ' tag='260'>
        <subfield code='a'>St. Louis :</subfield>
        <subfield code='b'>Mosby,</subfield>
        <subfield code='c'>1943.</subfield>
      </datafield>
      <datafield ind1=' ' ind2=' ' tag='300'>
        <subfield code='a'>180 p. :</subfield>
        <subfield code='b'>ill. ;</subfield>
        <subfield code='c'>30 cm.</subfield>
      </datafield>
      <datafield ind1=' ' ind2=' ' tag='500'>
        <subfield code='a'>Includes index.</subfield>
      </datafield>
      <datafield ind1=' ' ind2=' ' tag='541'>
        <subfield code='a'>Gift of Mark and Yvette Scheutzow</subfield>
        <subfield code='c'>(Gift :</subfield>
        <subfield code='d'>2004 :</subfield>
        <subfield code='f'>Health Sciences Library,</subfield>
        <subfield code='3'>c. 1)</subfield>
      </datafield>
      <datafield ind1=' ' ind2='2' tag='650'>
        <subfield code='a'>Obstetrics.</subfield>
      </datafield>
      <datafield ind1=' ' ind2='2' tag='650'>
        <subfield code='a'>Obstetrics</subfield>
        <subfield code='x'>surgery.</subfield>
      </datafield>
      <datafield ind1=' ' ind2='2' tag='655'>
        <subfield code='a'>Atlases.</subfield>
      </datafield>
      <datafield ind1='1' ind2=' ' tag='700'>
        <subfield code='a'>Scheutzow, Mark,</subfield>
        <subfield code='e'>donor.</subfield>
      </datafield>
      <datafield ind1='1' ind2=' ' tag='700'>
        <subfield code='a'>Scheutzow, Yvette,</subfield>
        <subfield code='e'>donor.</subfield>
      </datafield>
      <datafield ind1=' ' ind2=' ' tag='907'>
        <subfield code='a'>b4403989</subfield>
      </datafield>
      <datafield ind1='9' ind2='1' tag='999'>
        <subfield code='i'>i6002604</subfield>
        <subfield code='l'>nohh</subfield>
        <subfield code='s'>-</subfield>
        <subfield code='t'>0</subfield>
        <subfield code='c'>1</subfield>
        <subfield code='o'>0</subfield>
        <subfield code='b'>H00300259J</subfield>
        <subfield code='p'>096</subfield>
        <subfield code='q'>|aWQ 17 T623a 1943</subfield>
      </datafield>
  </record>