
  <record>
    <leader>00000cam  2200253I  4500</leader>
      <controlfield tag='008'>740604s1929    enk           000 1 eng c</controlfield>
      <controlfield tag='001'>907888</controlfield>
      <controlfield tag='005'>20030908052117.0</controlfield>
      <datafield ind1=' ' ind2=' ' tag='010'>
        <subfield code='a'>29022428</subfield>
      </datafield>
      <datafield ind1=' ' ind2=' ' tag='040'>
        <subfield code='a'>RRR</subfield>
        <subfield code='c'>RRR</subfield>
        <subfield code='d'>OCLCQ</subfield>
        <subfield code='d'>NOC</subfield>
      </datafield>
      <datafield ind1='0' ind2=' ' tag='050'>
        <subfield code='a'>PZ3.W1655</subfield>
        <subfield code='b'>Han2</subfield>
      </datafield>
      <datafield ind1='1' ind2=' ' tag='100'>
        <subfield code='a'>Walpole, Hugh,</subfield>
        <subfield code='d'>1884-1941.</subfield>
      </datafield>
      <datafield ind1='1' ind2='0' tag='245'>
        <subfield code='a'>Hans Frost,</subfield>
        <subfield code='b'>a novel,</subfield>
        <subfield code='c'>by Hugh Walpole.</subfield>
      </datafield>
      <datafield ind1=' ' ind2=' ' tag='260'>
        <subfield code='a'>London,</subfield>
        <subfield code='b'>Macmillan and Co.,</subfield>
        <subfield code='c'>1929.</subfield>
      </datafield>
      <datafield ind1=' ' ind2=' ' tag='300'>
        <subfield code='a'>x, 376 p.</subfield>
        <subfield code='c'>20 cm.</subfield>
      </datafield>
      <datafield ind1=' ' ind2=' ' tag='500'>
        <subfield code='a'>&quot;This is one of one hundred and seventy-five large paper copies printed in September 1929.&quot;</subfield>
      </datafield>
      <datafield ind1=' ' ind2=' ' tag='500'>
        <subfield code='a'>Signed by the author.</subfield>
      </datafield>
      <datafield ind1=' ' ind2=' ' tag='907'>
        <subfield code='a'>b4353437</subfield>
      </datafield>
      <datafield ind1='9' ind2='1' tag='999'>
        <subfield code='i'>i5940639</subfield>
        <subfield code='l'>wcda</subfield>
        <subfield code='s'>o</subfield>
        <subfield code='t'>0</subfield>
        <subfield code='c'>1</subfield>
        <subfield code='o'>0</subfield>
        <subfield code='b'>00039066474</subfield>
        <subfield code='p'>090</subfield>
        <subfield code='q'>|aPR6045.A34 H3</subfield>
        <subfield code='n'>Signed by the author.</subfield>
      </datafield>
      <datafield ind1='9' ind2='2' tag='999'>
        <subfield code='a'>c4424292</subfield>
        <subfield code='b'>wcda</subfield>
        <subfield code='c'>0</subfield>
      </datafield>
      <datafield ind1='9' ind2='3' tag='999'>
        <subfield code='0'>c4424292</subfield>
        <subfield code='2'>852</subfield>
        <subfield code='3'>c</subfield>
        <subfield code='b'>572211</subfield>
        <subfield code='h'>PR6045.A34</subfield>
        <subfield code='i'>H3</subfield>
      </datafield>
      <datafield ind1='9' ind2='3' tag='999'>
        <subfield code='0'>c4424292</subfield>
        <subfield code='2'>852</subfield>
        <subfield code='3'>c</subfield>
        <subfield code='p'>HBIE-3244-00001</subfield>
        <subfield code='t'>1</subfield>
        <subfield code='x'>rcp1326</subfield>
      </datafield>
  </record>