
  <record>
    <leader>00000cam  2200265M  4500</leader>
      <controlfield tag='008'>891031m19669999gw b     b    000 0 ger d</controlfield>
      <controlfield tag='001'>18778575</controlfield>
      <controlfield tag='005'>19891031000000.0</controlfield>
      <datafield ind1=' ' ind2=' ' tag='040'>
        <subfield code='a'>TEU</subfield>
        <subfield code='c'>TEU</subfield>
        <subfield code='d'>m.c.</subfield>
      </datafield>
      <datafield ind1='1' ind2=' ' tag='100'>
        <subfield code='a'>Schmitt, Ludwig Erich,</subfield>
        <subfield code='d'>1908-1994.</subfield>
      </datafield>
      <datafield ind1='1' ind2='0' tag='245'>
        <subfield code='a'>Untersuchungen zu Entstehung und Struktur der &quot;neuhochdeutschen Schriftsprache.&quot;</subfield>
      </datafield>
      <datafield ind1=' ' ind2=' ' tag='260'>
        <subfield code='a'>Köln,</subfield>
        <subfield code='b'>Graz, Böhlau,</subfield>
        <subfield code='c'>1966-</subfield>
      </datafield>
      <datafield ind1=' ' ind2=' ' tag='300'>
        <subfield code='a'>v.</subfield>
        <subfield code='b'>maps.</subfield>
        <subfield code='c'>24 cm.</subfield>
      </datafield>
      <datafield ind1=' ' ind2=' ' tag='500'>
        <subfield code='a'>On spine, Neuhochdeutsche Schriftsprache.</subfield>
      </datafield>
      <datafield ind1=' ' ind2=' ' tag='500'>
        <subfield code='a'>Errata slip inserted.</subfield>
      </datafield>
      <datafield ind1=' ' ind2=' ' tag='504'>
        <subfield code='a'>Includes bibliographical references.</subfield>
      </datafield>
      <datafield ind1='0' ind2=' ' tag='505'>
        <subfield code='a'>1. Bd. Sprachgeschichte des Th-uringisch-Obers-achsischen im Sp-atmitt elalter. Die Gesch-aftssprache von 1300 bis 1500.</subfield>
      </datafield>
      <datafield ind1=' ' ind2='0' tag='650'>
        <subfield code='a'>German language</subfield>
        <subfield code='x'>History.</subfield>
      </datafield>
      <datafield ind1=' ' ind2='0' tag='650'>
        <subfield code='a'>German language</subfield>
        <subfield code='y'>Middle High German, 1050-1500</subfield>
        <subfield code='x'>History.</subfield>
      </datafield>
      <datafield ind1='0' ind2=' ' tag='740'>
        <subfield code='a'>Neuhochdeutsche Schriftsprache.</subfield>
      </datafield>
      <datafield ind1=' ' ind2='0' tag='830'>
        <subfield code='a'>Mitteldeutsche Forschungen ;</subfield>
        <subfield code='v'>Bd. 36, 1.</subfield>
      </datafield>
      <datafield ind1=' ' ind2=' ' tag='907'>
        <subfield code='a'>b2275580</subfield>
      </datafield>
      <datafield ind1='9' ind2='1' tag='999'>
        <subfield code='i'>i3275908</subfield>
        <subfield code='l'>trln</subfield>
        <subfield code='s'>-</subfield>
        <subfield code='t'>0</subfield>
        <subfield code='c'>1</subfield>
        <subfield code='o'>0</subfield>
        <subfield code='b'>00038977526</subfield>
        <subfield code='p'>090</subfield>
        <subfield code='q'>|aPF3075 .S42</subfield>
        <subfield code='v'>Bd.1</subfield>
      </datafield>
      <datafield ind1='9' ind2='2' tag='999'>
        <subfield code='a'>c2486172</subfield>
        <subfield code='b'>trln</subfield>
        <subfield code='c'>0</subfield>
      </datafield>
      <datafield ind1='9' ind2='3' tag='999'>
        <subfield code='0'>c2486172</subfield>
        <subfield code='2'>852</subfield>
        <subfield code='3'>c</subfield>
        <subfield code='b'>555521</subfield>
        <subfield code='h'>PF3075</subfield>
        <subfield code='i'>.S42</subfield>
        <subfield code='x'>Previously converted record</subfield>
      </datafield>
      <datafield ind1='9' ind2='3' tag='999'>
        <subfield code='0'>c2486172</subfield>
        <subfield code='2'>853</subfield>
        <subfield code='3'>y</subfield>
        <subfield code='8'>1</subfield>
        <subfield code='a'>Bd.</subfield>
        <subfield code='t'>c.</subfield>
      </datafield>
  </record>