
  <record>
    <leader>00000caa  2200169K  4500</leader>
      <controlfield tag='008'>030918s1924    pau           000 p eng d</controlfield>
      <controlfield tag='001'>53045909</controlfield>
      <controlfield tag='005'>20030918100714.0</controlfield>
      <datafield ind1=' ' ind2=' ' tag='040'>
        <subfield code='a'>NOC</subfield>
        <subfield code='c'>NOC</subfield>
      </datafield>
      <datafield ind1='1' ind2=' ' tag='100'>
        <subfield code='a'>Ravenel, Beatrice Witte,</subfield>
        <subfield code='d'>1870-1956.</subfield>
      </datafield>
      <datafield ind1='1' ind2='4' tag='245'>
        <subfield code='a'>The pirates</subfield>
        <subfield code='b'>[poem]</subfield>
      </datafield>
      <datafield ind1=' ' ind2=' ' tag='500'>
        <subfield code='a'>Gift of Beatrice St. Julien Ravenel 1973.</subfield>
      </datafield>
      <datafield ind1='0' ind2=' ' tag='773'>
        <subfield code='7'>nnas</subfield>
        <subfield code='t'>Contemporary verse.</subfield>
        <subfield code='d'>Philadelphia [PA] : Contemporary Verse, 1924.</subfield>
        <subfield code='g'>(March 1924) v.17, no.3, p. 45-48 23 cm.</subfield>
        <subfield code='w'>(OCoLC)48042398</subfield>
      </datafield>
      <datafield ind1=' ' ind2=' ' tag='907'>
        <subfield code='a'>b4358480</subfield>
      </datafield>
      <datafield ind1='9' ind2='1' tag='999'>
        <subfield code='i'>i5947091</subfield>
        <subfield code='l'>wcda</subfield>
        <subfield code='s'>o</subfield>
        <subfield code='t'>0</subfield>
        <subfield code='c'>1</subfield>
        <subfield code='o'>0</subfield>
        <subfield code='b'>HBIF-4198-00001</subfield>
        <subfield code='p'>090</subfield>
        <subfield code='q'>|aPS3535.A83 P57</subfield>
      </datafield>
      <datafield ind1='9' ind2='2' tag='999'>
        <subfield code='a'>c4428998</subfield>
        <subfield code='b'>wcda</subfield>
        <subfield code='c'>0</subfield>
      </datafield>
      <datafield ind1='9' ind2='3' tag='999'>
        <subfield code='0'>c4428998</subfield>
        <subfield code='2'>852</subfield>
        <subfield code='3'>c</subfield>
        <subfield code='b'>572211</subfield>
        <subfield code='h'>PS3535.A83</subfield>
        <subfield code='i'>P57</subfield>
      </datafield>
      <datafield ind1='9' ind2='3' tag='999'>
        <subfield code='0'>c4428998</subfield>
        <subfield code='2'>852</subfield>
        <subfield code='3'>c</subfield>
        <subfield code='p'>HBIF-4198-00001</subfield>
        <subfield code='t'>1</subfield>
        <subfield code='x'>rcp3689</subfield>
      </datafield>
  </record>