
  <record>
    <leader>00000cam  2200241 a 4500</leader>
      <controlfield tag='008'>020206s2002    nyua     b    001 0 eng  </controlfield>
      <controlfield tag='001'>48966660</controlfield>
      <controlfield tag='005'>20030304160710.0</controlfield>
      <datafield ind1=' ' ind2=' ' tag='010'>
        <subfield code='a'>2002001993</subfield>
      </datafield>
      <datafield ind1=' ' ind2=' ' tag='015'>
        <subfield code='a'>GBA2-51359</subfield>
      </datafield>
      <datafield ind1=' ' ind2=' ' tag='020'>
        <subfield code='a'>0814471528 (pbk.)</subfield>
      </datafield>
      <datafield ind1=' ' ind2=' ' tag='040'>
        <subfield code='a'>DLC</subfield>
        <subfield code='c'>DLC</subfield>
        <subfield code='d'>C#P</subfield>
        <subfield code='d'>UKM</subfield>
        <subfield code='d'>NOC</subfield>
      </datafield>
      <datafield ind1='0' ind2='0' tag='050'>
        <subfield code='a'>HD59</subfield>
        <subfield code='b'>.H596 2002</subfield>
      </datafield>
      <datafield ind1='0' ind2='0' tag='082'>
        <subfield code='a'>659.2/0285/4678</subfield>
        <subfield code='2'>21</subfield>
      </datafield>
      <datafield ind1='1' ind2=' ' tag='100'>
        <subfield code='a'>Holtz, Shel.</subfield>
      </datafield>
      <datafield ind1='1' ind2='0' tag='245'>
        <subfield code='a'>Public relations on the Net :</subfield>
        <subfield code='b'>winning strategies to inform and influence the media, the investment community, the government, the public, and more! /</subfield>
        <subfield code='c'>Shel Holtz.</subfield>
      </datafield>
      <datafield ind1=' ' ind2=' ' tag='250'>
        <subfield code='a'>2nd ed.</subfield>
      </datafield>
      <datafield ind1=' ' ind2=' ' tag='260'>
        <subfield code='a'>New York :</subfield>
        <subfield code='b'>American Management Association,</subfield>
        <subfield code='c'>c2002.</subfield>
      </datafield>
      <datafield ind1=' ' ind2=' ' tag='300'>
        <subfield code='a'>xx, 444 p. :</subfield>
        <subfield code='b'>ill. ;</subfield>
        <subfield code='c'>23 cm.</subfield>
      </datafield>
      <datafield ind1=' ' ind2=' ' tag='504'>
        <subfield code='a'>Includes bibliographical references (p. 400-402) and index.</subfield>
      </datafield>
      <datafield ind1='0' ind2=' ' tag='505'>
        <subfield code='a'>A report card PR use of the Internet -- How communication has been forever changed -- Public relations tools of the Internet -- The principles of influencing audiences online -- How to be the eyes and ears of your organization -- Media relations -- Investor relations -- Government relations -- Community relations -- Cause and issues communication -- Employee communications -- Activism on the Net -- Crisis communication -- Going directly to the public -- Measuring the effectiveness of your online efforts.</subfield>
      </datafield>
      <datafield ind1=' ' ind2='0' tag='650'>
        <subfield code='a'>Internet in public relations.</subfield>
      </datafield>
      <datafield ind1=' ' ind2=' ' tag='907'>
        <subfield code='a'>b4242867</subfield>
      </datafield>
      <datafield ind1='9' ind2='1' tag='999'>
        <subfield code='i'>i5807973</subfield>
        <subfield code='l'>ddda</subfield>
        <subfield code='s'>-</subfield>
        <subfield code='t'>0</subfield>
        <subfield code='c'>1</subfield>
        <subfield code='o'>7</subfield>
        <subfield code='b'>00022012297</subfield>
        <subfield code='p'>090</subfield>
        <subfield code='q'>|aHD59 .H596 2002</subfield>
      </datafield>
  </record>