
  <record>
    <leader>00000cam a2200217I  4500</leader>
      <controlfield tag='008'>891113s1926    it            000 0 ita d</controlfield>
      <controlfield tag='001'>4671212</controlfield>
      <controlfield tag='005'>19891113000000.0</controlfield>
      <datafield ind1=' ' ind2=' ' tag='040'>
        <subfield code='a'>CLE</subfield>
        <subfield code='c'>CLE</subfield>
        <subfield code='d'>m.c.</subfield>
        <subfield code='d'>NOC</subfield>
      </datafield>
      <datafield ind1='1' ind2=' ' tag='100'>
        <subfield code='a'>Carducci, Giosuè,</subfield>
        <subfield code='d'>1835-1907.</subfield>
      </datafield>
      <datafield ind1='1' ind2='0' tag='245'>
        <subfield code='a'>Giambi ed epodi;</subfield>
        <subfield code='c'>commentati da Demetrio Ferrari.</subfield>
      </datafield>
      <datafield ind1=' ' ind2=' ' tag='260'>
        <subfield code='a'>Bologna,</subfield>
        <subfield code='b'>Zanichelli</subfield>
        <subfield code='c'>[1926]</subfield>
      </datafield>
      <datafield ind1=' ' ind2=' ' tag='300'>
        <subfield code='a'>274 p.</subfield>
        <subfield code='c'>19 cm.</subfield>
      </datafield>
      <datafield ind1='1' ind2=' ' tag='700'>
        <subfield code='a'>Ferrari, Demetrio,</subfield>
        <subfield code='d'>1856-</subfield>
      </datafield>
      <datafield ind1=' ' ind2=' ' tag='907'>
        <subfield code='a'>b1592372</subfield>
      </datafield>
      <datafield ind1='9' ind2='1' tag='999'>
        <subfield code='i'>i2259331</subfield>
        <subfield code='l'>trln</subfield>
        <subfield code='s'>-</subfield>
        <subfield code='t'>0</subfield>
        <subfield code='c'>1</subfield>
        <subfield code='o'>0</subfield>
        <subfield code='b'>00005537109</subfield>
        <subfield code='p'>090</subfield>
        <subfield code='q'>|aPQ4685 .G5 1926</subfield>
      </datafield>
  </record>