
  <record>
    <leader>00000cam a2200349 a 4500</leader>
      <controlfield tag='008'>051018s2005    enk           000 1 eng  </controlfield>
      <controlfield tag='001'>62176709</controlfield>
      <controlfield tag='003'>OCoLC</controlfield>
      <controlfield tag='005'>20060220095011.0</controlfield>
      <datafield ind1=' ' ind2=' ' tag='015'>
        <subfield code='a'>GBA526542</subfield>
        <subfield code='2'>bnb</subfield>
      </datafield>
      <datafield ind1='7' ind2=' ' tag='016'>
        <subfield code='a'>013148464</subfield>
        <subfield code='2'>Uk</subfield>
      </datafield>
      <datafield ind1=' ' ind2=' ' tag='020'>
        <subfield code='a'>1843431939 (hbk.)</subfield>
      </datafield>
      <datafield ind1=' ' ind2=' ' tag='035'>
        <subfield code='a'>(OCoLC)62176709</subfield>
      </datafield>
      <datafield ind1=' ' ind2=' ' tag='035'>
        <subfield code='a'>(OCoLC)62176709</subfield>
      </datafield>
      <datafield ind1=' ' ind2=' ' tag='040'>
        <subfield code='a'>UKM</subfield>
        <subfield code='c'>UKM</subfield>
        <subfield code='d'>CUS</subfield>
      </datafield>
      <datafield ind1='1' ind2=' ' tag='041'>
        <subfield code='a'>eng</subfield>
        <subfield code='h'>hun</subfield>
      </datafield>
      <datafield ind1=' ' ind2=' ' tag='042'>
        <subfield code='a'>ukscp</subfield>
      </datafield>
      <datafield ind1=' ' ind2=' ' tag='049'>
        <subfield code='a'>NOCC</subfield>
      </datafield>
      <datafield ind1='0' ind2='4' tag='082'>
        <subfield code='a'>894.511332</subfield>
        <subfield code='2'>22</subfield>
      </datafield>
      <datafield ind1='1' ind2=' ' tag='100'>
        <subfield code='a'>Szabó, Magda,</subfield>
        <subfield code='d'>1917-2007.</subfield>
      </datafield>
      <datafield ind1='1' ind2='0' tag='240'>
        <subfield code='a'>Ajtó.</subfield>
        <subfield code='l'>English</subfield>
      </datafield>
      <datafield ind1='1' ind2='4' tag='245'>
        <subfield code='a'>The door /</subfield>
        <subfield code='c'>Magda Szabó ; translated by Len Rix.</subfield>
      </datafield>
      <datafield ind1=' ' ind2=' ' tag='260'>
        <subfield code='a'>London :</subfield>
        <subfield code='b'>Harvill Secker,</subfield>
        <subfield code='c'>2005.</subfield>
      </datafield>
      <datafield ind1=' ' ind2=' ' tag='300'>
        <subfield code='a'>262 p. ;</subfield>
        <subfield code='c'>23 cm.</subfield>
      </datafield>
      <datafield ind1=' ' ind2=' ' tag='500'>
        <subfield code='a'>&quot;First published with the title: Az Ajtʹo, by Európa Kõnyvkiadó&quot;, [1987].</subfield>
      </datafield>
      <datafield ind1=' ' ind2='0' tag='650'>
        <subfield code='a'>Household employees</subfield>
        <subfield code='v'>Fiction.</subfield>
      </datafield>
      <datafield ind1=' ' ind2='0' tag='650'>
        <subfield code='a'>Women authors</subfield>
        <subfield code='v'>Fiction.</subfield>
      </datafield>
      <datafield ind1='1' ind2=' ' tag='700'>
        <subfield code='a'>Rix, L. B.</subfield>
        <subfield code='q'>(Len B.)</subfield>
      </datafield>
      <datafield ind1=' ' ind2=' ' tag='907'>
        <subfield code='a'>b4787833</subfield>
      </datafield>
      <datafield ind1='9' ind2='1' tag='999'>
        <subfield code='i'>i6304658</subfield>
        <subfield code='l'>ddda</subfield>
        <subfield code='s'>-</subfield>
        <subfield code='t'>0</subfield>
        <subfield code='c'>1</subfield>
        <subfield code='o'>8</subfield>
        <subfield code='d'>20170722</subfield>
        <subfield code='b'>00025718206</subfield>
        <subfield code='p'>090</subfield>
        <subfield code='q'>|aPH3351.S592|bA7413 2005</subfield>
      </datafield>
  </record>