
  <record>
    <leader>00000cam  2200361Ma 4500</leader>
      <controlfield tag='006'>m        d</controlfield>
      <controlfield tag='008'>090729s1845    mdu     s     000 0 eng d</controlfield>
      <controlfield tag='007'>cr |n||||||||n</controlfield>
      <controlfield tag='001'>moml506041613</controlfield>
      <controlfield tag='003'>OCoLC</controlfield>
      <controlfield tag='005'>20100429113740.0</controlfield>
      <datafield ind1=' ' ind2=' ' tag='035'>
        <subfield code='a'>(OCoLC)506041613</subfield>
      </datafield>
      <datafield ind1=' ' ind2=' ' tag='040'>
        <subfield code='a'>TGPSM</subfield>
        <subfield code='c'>BOL</subfield>
        <subfield code='d'>MIGCL</subfield>
      </datafield>
      <datafield ind1=' ' ind2=' ' tag='043'>
        <subfield code='a'>n-us-md</subfield>
      </datafield>
      <datafield ind1=' ' ind2=' ' tag='049'>
        <subfield code='a'>TEFA</subfield>
      </datafield>
      <datafield ind1='1' ind2=' ' tag='100'>
        <subfield code='a'>McCurry, Henry,</subfield>
        <subfield code='d'>1819?-1845.</subfield>
      </datafield>
      <datafield ind1='1' ind2='4' tag='245'>
        <subfield code='a'>The confession of Henry M&apos;Curry, embodying particulars of his life, convicted on the 12th of March, 1845, in Baltimore City Court, of the murder of Paul Roux, of Macon, Geo.</subfield>
        <subfield code='h'>[electronic resource] :</subfield>
        <subfield code='b'>with a sketch of his trial and sentence of death as pronounced by the Hon. Judge Brice, March 18, 1845.</subfield>
      </datafield>
      <datafield ind1='3' ind2=' ' tag='246'>
        <subfield code='a'>Confession of Henry M&apos;Curry, embodying particulars of his life, convicted on the 12th of March, 1845, in Baltimore City Court, of the murder of Paul Roux, of Macon, Georgia</subfield>
      </datafield>
      <datafield ind1='3' ind2='6' tag='246'>
        <subfield code='a'>Trial of Henry M&apos;Curry, for the murder of Paul Roux, of Macon, Georgia</subfield>
      </datafield>
      <datafield ind1=' ' ind2=' ' tag='300'>
        <subfield code='a'>13 p.</subfield>
      </datafield>
      <datafield ind1=' ' ind2=' ' tag='500'>
        <subfield code='a'>Reproduction of the original from Harvard Law School Library.</subfield>
      </datafield>
      <datafield ind1=' ' ind2=' ' tag='533'>
        <subfield code='a'>Electronic reproduction.</subfield>
        <subfield code='b'>Farmington Hills, Mich. :</subfield>
        <subfield code='c'>Gale, a part of Cengage Learning,</subfield>
        <subfield code='d'>2007.</subfield>
        <subfield code='n'>Available via the World Wide Web.</subfield>
        <subfield code='n'>Access limited by licensing agreements.</subfield>
        <subfield code='7'>s2007    miunns</subfield>
      </datafield>
      <datafield ind1='1' ind2='0' tag='600'>
        <subfield code='a'>McCurry, Henry,</subfield>
        <subfield code='d'>1819?-1845</subfield>
        <subfield code='x'>Trials, litigation, etc.</subfield>
      </datafield>
      <datafield ind1='1' ind2='0' tag='600'>
        <subfield code='a'>Roux, Paul.</subfield>
      </datafield>
      <datafield ind1=' ' ind2='0' tag='650'>
        <subfield code='a'>Trials (Murder)</subfield>
        <subfield code='z'>Maryland</subfield>
        <subfield code='z'>Baltimore.</subfield>
      </datafield>
      <datafield ind1='1' ind2=' ' tag='710'>
        <subfield code='a'>Baltimore (Md.).</subfield>
        <subfield code='b'>City Court.</subfield>
      </datafield>
      <datafield ind1=' ' ind2='0' tag='830'>
        <subfield code='a'>Making of modern law.</subfield>
        <subfield code='p'>Trials, 1600-1926.</subfield>
      </datafield>
      <datafield ind1='4' ind2='0' tag='856'>
        <subfield code='u'>http://libproxy.lib.unc.edu/login?url=http://galenet.galegroup.com/servlet/MMLT?af=RN&amp;ae=Q4201038594&amp;srchtp=a&amp;ste=14&amp;q=unc_main</subfield>
        <subfield code='y'>Full text available via the UNC-Chapel Hill Libraries</subfield>
      </datafield>
      <datafield ind1=' ' ind2=' ' tag='907'>
        <subfield code='a'>b6325561</subfield>
      </datafield>
  </record>