
  <record>
    <leader>00000cam a2200421Ii 4500</leader>
      <controlfield tag='008'>150109t20152014ilu           000 f eng d</controlfield>
      <controlfield tag='001'>900031662</controlfield>
      <controlfield tag='003'>OCoLC</controlfield>
      <controlfield tag='005'>20150528042050.0</controlfield>
      <datafield ind1=' ' ind2=' ' tag='020'>
        <subfield code='a'>9781628970166</subfield>
      </datafield>
      <datafield ind1=' ' ind2=' ' tag='020'>
        <subfield code='a'>1628970162</subfield>
      </datafield>
      <datafield ind1=' ' ind2=' ' tag='035'>
        <subfield code='a'>(OCoLC)900031662</subfield>
      </datafield>
      <datafield ind1=' ' ind2=' ' tag='040'>
        <subfield code='a'>BTCTA</subfield>
        <subfield code='b'>eng</subfield>
        <subfield code='c'>BTCTA</subfield>
        <subfield code='d'>BDX</subfield>
        <subfield code='d'>CDX</subfield>
        <subfield code='d'>IAD</subfield>
        <subfield code='d'>YDXCP</subfield>
        <subfield code='d'>NYP</subfield>
      </datafield>
      <datafield ind1='1' ind2=' ' tag='041'>
        <subfield code='a'>eng</subfield>
        <subfield code='h'>ger</subfield>
      </datafield>
      <datafield ind1=' ' ind2=' ' tag='050'>
        <subfield code='a'>PT2661.L552</subfield>
        <subfield code='b'>A4813 2015</subfield>
      </datafield>
      <datafield ind1='0' ind2='4' tag='082'>
        <subfield code='a'>833.9</subfield>
        <subfield code='2'>23</subfield>
      </datafield>
      <datafield ind1='1' ind2=' ' tag='100'>
        <subfield code='a'>Allemann, Urs,</subfield>
        <subfield code='e'>author.</subfield>
      </datafield>
      <datafield ind1='1' ind2='0' tag='240'>
        <subfield code='a'>Alte Mann und die Bank.</subfield>
        <subfield code='l'>English</subfield>
      </datafield>
      <datafield ind1='1' ind2='4' tag='245'>
        <subfield code='a'>The old man and the bench /</subfield>
        <subfield code='c'>Urs Allemann ; translated by Patrick Greaney.</subfield>
      </datafield>
      <datafield ind1=' ' ind2=' ' tag='250'>
        <subfield code='a'>First edition.</subfield>
      </datafield>
      <datafield ind1=' ' ind2='1' tag='264'>
        <subfield code='a'>Champaign :</subfield>
        <subfield code='b'>Dalkey Archive,</subfield>
        <subfield code='c'>2015.</subfield>
      </datafield>
      <datafield ind1=' ' ind2='4' tag='264'>
        <subfield code='c'>©2014</subfield>
      </datafield>
      <datafield ind1=' ' ind2=' ' tag='300'>
        <subfield code='a'>114 pages ;</subfield>
        <subfield code='c'>18 cm.</subfield>
      </datafield>
      <datafield ind1=' ' ind2=' ' tag='336'>
        <subfield code='a'>text</subfield>
        <subfield code='b'>txt</subfield>
        <subfield code='2'>rdacontent</subfield>
      </datafield>
      <datafield ind1=' ' ind2=' ' tag='337'>
        <subfield code='a'>unmediated</subfield>
        <subfield code='b'>n</subfield>
        <subfield code='2'>rdamedia</subfield>
      </datafield>
      <datafield ind1=' ' ind2=' ' tag='338'>
        <subfield code='a'>volume</subfield>
        <subfield code='b'>nc</subfield>
        <subfield code='2'>rdacarrier</subfield>
      </datafield>
      <datafield ind1=' ' ind2=' ' tag='500'>
        <subfield code='a'>A novel.</subfield>
      </datafield>
      <datafield ind1=' ' ind2=' ' tag='500'>
        <subfield code='a'>&quot;Originally published in German as ... Der alte Mann und die Bank: Ein Fünfmonatsgequassel (Vienna: Deuticke, 1993).&quot;--Title page verso.</subfield>
      </datafield>
      <datafield ind1=' ' ind2=' ' tag='520'>
        <subfield code='a'>&quot;The title character in The Old Man and the Bench has a contract that requires him to write, and he feels he should focus on his past. Yet instead of childhood reminiscences, the old man dwells on a series of mini-narratives about, for example, a love triangle among concrete towers, a chaste visit by two call girls, and the joint-by-joint cannibalization of his fingers. In the middle of these absurd tales, something like childhood memories appear, only to disappear into the stream of the old man&apos;s ramblings. Urs Allemann&apos;s virtuosic, lyrical monologue is at once playful and disturbing, recalling Dada, Kafka, and Beckett in its representation of what language can do when it turns against itself and its speaker.&quot;--Publisher description.</subfield>
      </datafield>
      <datafield ind1='1' ind2=' ' tag='700'>
        <subfield code='a'>Greaney, Patrick,</subfield>
        <subfield code='e'>translator.</subfield>
      </datafield>
      <datafield ind1=' ' ind2='0' tag='830'>
        <subfield code='a'>Swiss literature series.</subfield>
      </datafield>
      <datafield ind1=' ' ind2=' ' tag='907'>
        <subfield code='a'>b8248785</subfield>
      </datafield>
      <datafield ind1='9' ind2='1' tag='999'>
        <subfield code='i'>i10778844</subfield>
        <subfield code='l'>ddda</subfield>
        <subfield code='s'>-</subfield>
        <subfield code='t'>0</subfield>
        <subfield code='c'>1</subfield>
        <subfield code='o'>2</subfield>
        <subfield code='b'>00049202593</subfield>
        <subfield code='p'>050</subfield>
        <subfield code='q'>|aPT2661.L552|bA4813 2015</subfield>
      </datafield>
  </record>