
  <record>
    <leader>00000ccm  2200241Ia 4500</leader>
      <controlfield tag='008'>870903s1982    gw zza   ehi   n    zxx d</controlfield>
      <controlfield tag='001'>9844424</controlfield>
      <controlfield tag='005'>19910408102532.4</controlfield>
      <datafield ind1='3' ind2='2' tag='028'>
        <subfield code='a'>16.031</subfield>
        <subfield code='b'>Hänssler Edition</subfield>
      </datafield>
      <datafield ind1=' ' ind2=' ' tag='040'>
        <subfield code='a'>IQU</subfield>
        <subfield code='c'>IQU</subfield>
        <subfield code='d'>m/c</subfield>
        <subfield code='d'>NOC</subfield>
      </datafield>
      <datafield ind1='1' ind2=' ' tag='041'>
        <subfield code='g'>engger</subfield>
      </datafield>
      <datafield ind1=' ' ind2=' ' tag='045'>
        <subfield code='a'>w3w5</subfield>
      </datafield>
      <datafield ind1=' ' ind2=' ' tag='048'>
        <subfield code='a'>wb03</subfield>
      </datafield>
      <datafield ind1='1' ind2=' ' tag='100'>
        <subfield code='a'>Yvon, Carlo,</subfield>
        <subfield code='d'>1798-1854.</subfield>
      </datafield>
      <datafield ind1='1' ind2='0' tag='240'>
        <subfield code='a'>Capriccio,</subfield>
        <subfield code='m'>oboes (3),</subfield>
        <subfield code='r'>F minor</subfield>
      </datafield>
      <datafield ind1='1' ind2='0' tag='245'>
        <subfield code='a'>Capriccio per tre oboi /</subfield>
        <subfield code='c'>Carlo Yvon ; herausgegeben von Georg Meerwein</subfield>
        <subfield code='h'>[printed music].</subfield>
      </datafield>
      <datafield ind1=' ' ind2=' ' tag='260'>
        <subfield code='a'>Neuhausen-Stuttgart :</subfield>
        <subfield code='b'>Hänssler-Verlag,</subfield>
        <subfield code='c'>c1982.</subfield>
      </datafield>
      <datafield ind1=' ' ind2=' ' tag='300'>
        <subfield code='a'>1 score (24 p.) + 3 parts ;</subfield>
        <subfield code='c'>30 cm.</subfield>
      </datafield>
      <datafield ind1=' ' ind2='0' tag='650'>
        <subfield code='a'>Woodwind trios (Oboes (3))</subfield>
        <subfield code='v'>Scores and parts.</subfield>
      </datafield>
      <datafield ind1='1' ind2=' ' tag='700'>
        <subfield code='a'>Meerwein, Georg.</subfield>
      </datafield>
      <datafield ind1=' ' ind2='0' tag='830'>
        <subfield code='a'>Collegium instrumentale (Series)</subfield>
      </datafield>
      <datafield ind1=' ' ind2=' ' tag='907'>
        <subfield code='a'>b1908670</subfield>
      </datafield>
      <datafield ind1='9' ind2='1' tag='999'>
        <subfield code='i'>i2762367</subfield>
        <subfield code='l'>mmda</subfield>
        <subfield code='s'>-</subfield>
        <subfield code='t'>45</subfield>
        <subfield code='c'>1</subfield>
        <subfield code='o'>0</subfield>
        <subfield code='b'>00027516778</subfield>
        <subfield code='p'>090</subfield>
        <subfield code='q'>|aM357.2.Y87 C35 F-min., 1982</subfield>
      </datafield>
  </record>