
  <record>
    <leader>00000cam a2200265I  4500</leader>
      <controlfield tag='008'>920125s1953    sw       b    000 0 swe c</controlfield>
      <controlfield tag='001'>15815779</controlfield>
      <controlfield tag='005'>19920125000000.0</controlfield>
      <datafield ind1=' ' ind2=' ' tag='010'>
        <subfield code='a'>a  54006026</subfield>
      </datafield>
      <datafield ind1=' ' ind2=' ' tag='040'>
        <subfield code='a'>Chicago. Univ. Libr.</subfield>
        <subfield code='c'>ISB</subfield>
        <subfield code='d'>m/c</subfield>
      </datafield>
      <datafield ind1='1' ind2=' ' tag='050'>
        <subfield code='a'>AS284</subfield>
        <subfield code='b'>.L8 bd.49, nr.3</subfield>
      </datafield>
      <datafield ind1='1' ind2=' ' tag='100'>
        <subfield code='a'>Nyman, Alf,</subfield>
        <subfield code='d'>1884-1968.</subfield>
      </datafield>
      <datafield ind1='1' ind2='0' tag='245'>
        <subfield code='a'>Experimentet, dess förutsättningar och gränser;</subfield>
        <subfield code='b'>en systematisk studie och en kommentar.</subfield>
      </datafield>
      <datafield ind1=' ' ind2=' ' tag='260'>
        <subfield code='a'>Lund,</subfield>
        <subfield code='b'>C.W.K. Gleerup</subfield>
        <subfield code='c'>[1953]</subfield>
      </datafield>
      <datafield ind1=' ' ind2=' ' tag='300'>
        <subfield code='a'>278 p.</subfield>
        <subfield code='c'>26 cm.</subfield>
      </datafield>
      <datafield ind1=' ' ind2=' ' tag='504'>
        <subfield code='a'>Bibliographical footnotes.</subfield>
      </datafield>
      <datafield ind1=' ' ind2='0' tag='650'>
        <subfield code='a'>Methodology.</subfield>
      </datafield>
      <datafield ind1=' ' ind2='0' tag='830'>
        <subfield code='a'>Lunds universitets årsskrift ;</subfield>
        <subfield code='v'>n.f., avd. 1, bd 49, nr 3.</subfield>
      </datafield>
      <datafield ind1=' ' ind2=' ' tag='907'>
        <subfield code='a'>b2189701</subfield>
      </datafield>
      <datafield ind1='9' ind2='1' tag='999'>
        <subfield code='i'>i3157671</subfield>
        <subfield code='l'>trln</subfield>
        <subfield code='s'>-</subfield>
        <subfield code='t'>0</subfield>
        <subfield code='c'>1</subfield>
        <subfield code='o'>0</subfield>
        <subfield code='b'>00035217345</subfield>
        <subfield code='p'>090</subfield>
        <subfield code='q'>|aAS284|b.L8 bd. 49</subfield>
        <subfield code='v'>bd.49(1953)</subfield>
      </datafield>
  </record>