
  <record>
    <leader>00000cam  2200193Ia 4500</leader>
      <controlfield tag='008'>010110s2001    nyua          000 0 eng d</controlfield>
      <controlfield tag='001'>45693879</controlfield>
      <controlfield tag='005'>20010112135621.0</controlfield>
      <datafield ind1=' ' ind2=' ' tag='020'>
        <subfield code='a'>007136241X</subfield>
      </datafield>
      <datafield ind1=' ' ind2=' ' tag='040'>
        <subfield code='a'>TXA</subfield>
        <subfield code='c'>TXA</subfield>
        <subfield code='d'>NOC</subfield>
      </datafield>
      <datafield ind1='1' ind2=' ' tag='100'>
        <subfield code='a'>Viselman, Kenn.</subfield>
      </datafield>
      <datafield ind1='1' ind2='0' tag='245'>
        <subfield code='a'>Eight giant steps to global domination :</subfield>
        <subfield code='b'>a personal guide to finding your niche, conquering your market, and taking your company to the top /</subfield>
        <subfield code='c'>Kenn Viselman.</subfield>
      </datafield>
      <datafield ind1=' ' ind2=' ' tag='260'>
        <subfield code='a'>New York ;</subfield>
        <subfield code='a'>Auckland :</subfield>
        <subfield code='b'>McGraw-Hill,</subfield>
        <subfield code='c'>c2001.</subfield>
      </datafield>
      <datafield ind1=' ' ind2=' ' tag='300'>
        <subfield code='a'>xxiii, 181 p. :</subfield>
        <subfield code='b'>ill. ;</subfield>
        <subfield code='c'>22 cm.</subfield>
      </datafield>
      <datafield ind1=' ' ind2='0' tag='650'>
        <subfield code='a'>Success in business.</subfield>
      </datafield>
      <datafield ind1=' ' ind2='0' tag='650'>
        <subfield code='a'>Children&apos;s mass media.</subfield>
      </datafield>
      <datafield ind1=' ' ind2=' ' tag='907'>
        <subfield code='a'>b3767940</subfield>
      </datafield>
      <datafield ind1='9' ind2='1' tag='999'>
        <subfield code='i'>i5235235</subfield>
        <subfield code='l'>ddda</subfield>
        <subfield code='s'>-</subfield>
        <subfield code='t'>0</subfield>
        <subfield code='c'>1</subfield>
        <subfield code='o'>1</subfield>
        <subfield code='b'>00018624767</subfield>
        <subfield code='p'>090</subfield>
        <subfield code='q'>|aHF5386 .V58 2001</subfield>
      </datafield>
  </record>