
  <record>
    <leader>00000cam  2200349Ia 4500</leader>
      <controlfield tag='006'>m        d</controlfield>
      <controlfield tag='008'>050427s1893    enk     ob    001 0 eng d</controlfield>
      <controlfield tag='007'>cr bn|</controlfield>
      <controlfield tag='001'>60718592 </controlfield>
      <controlfield tag='003'>OCoLC</controlfield>
      <controlfield tag='005'>20110319091836.0</controlfield>
      <datafield ind1=' ' ind2=' ' tag='035'>
        <subfield code='a'>(OCoLC)60718592</subfield>
      </datafield>
      <datafield ind1=' ' ind2=' ' tag='037'>
        <subfield code='a'>40-329</subfield>
        <subfield code='b'>LLMC</subfield>
      </datafield>
      <datafield ind1=' ' ind2=' ' tag='040'>
        <subfield code='a'>GMOML</subfield>
        <subfield code='c'>GMOML</subfield>
        <subfield code='d'>EMI</subfield>
        <subfield code='d'>LLMC2</subfield>
      </datafield>
      <datafield ind1=' ' ind2=' ' tag='049'>
        <subfield code='a'>NDOE</subfield>
      </datafield>
      <datafield ind1='1' ind2=' ' tag='100'>
        <subfield code='a'>Holland, Thomas Erskine,</subfield>
        <subfield code='d'>1835-1926.</subfield>
      </datafield>
      <datafield ind1='1' ind2='4' tag='245'>
        <subfield code='a'>The elements of jurisprudence</subfield>
        <subfield code='h'>[electronic resource] /</subfield>
        <subfield code='c'>by Thomas Erskine Holland.</subfield>
      </datafield>
      <datafield ind1=' ' ind2=' ' tag='250'>
        <subfield code='a'>6th ed.</subfield>
      </datafield>
      <datafield ind1=' ' ind2=' ' tag='260'>
        <subfield code='a'>Oxford :</subfield>
        <subfield code='b'>Clarendon Press,</subfield>
        <subfield code='c'>1893.</subfield>
      </datafield>
      <datafield ind1=' ' ind2=' ' tag='300'>
        <subfield code='a'>1 online resource (xx, 395 p.)</subfield>
      </datafield>
      <datafield ind1=' ' ind2=' ' tag='500'>
        <subfield code='a'>Title from PDF t.p. (LLMC Digital, viewed on Jan. 3, 2011)</subfield>
      </datafield>
      <datafield ind1=' ' ind2=' ' tag='504'>
        <subfield code='a'>Includes bibliographical references and index.</subfield>
      </datafield>
      <datafield ind1=' ' ind2=' ' tag='506'>
        <subfield code='a'>Off-site proxy access available to UNC-CH PID holders.</subfield>
        <subfield code='3'>Access via LLMC-Digital</subfield>
      </datafield>
      <datafield ind1=' ' ind2='0' tag='650'>
        <subfield code='a'>Jurisprudence.</subfield>
      </datafield>
      <datafield ind1='1' ind2=' ' tag='776'>
        <subfield code='c'>Microform</subfield>
        <subfield code='w'>(OCoLC)14817840</subfield>
      </datafield>
      <datafield ind1='0' ind2='8' tag='776'>
        <subfield code='i'>Print version:</subfield>
        <subfield code='a'>Holland, Thomas Erskine, Sir, 1835-1926.</subfield>
        <subfield code='t'>Elements of jurisprudence.</subfield>
        <subfield code='b'>6th ed.</subfield>
        <subfield code='d'>Oxford : Clarendon Press, 1893</subfield>
        <subfield code='w'>(DLC)   45047673</subfield>
        <subfield code='w'>(OCoLC)3268861</subfield>
      </datafield>
      <datafield ind1=' ' ind2='0' tag='830'>
        <subfield code='a'>LLMC-digital (Series)</subfield>
      </datafield>
      <datafield ind1='4' ind2='0' tag='856'>
        <subfield code='u'>http://libproxy.lib.unc.edu/login?url=http://www.llmcdigital.org/default.aspx?redir=40329</subfield>
        <subfield code='3'>LLMC-Digital</subfield>
      </datafield>
      <datafield ind1=' ' ind2=' ' tag='907'>
        <subfield code='a'>b6613307</subfield>
      </datafield>
  </record>