
  <record>
    <leader>00000cam a2200337 a 4500</leader>
      <controlfield tag='006'>m     o  d</controlfield>
      <controlfield tag='008'>920413s1847    ohu     o     000 0 eng d</controlfield>
      <controlfield tag='007'>cr mn mmmmaama</controlfield>
      <controlfield tag='001'>afami000007999</controlfield>
      <controlfield tag='005'>19970325110210.0</controlfield>
      <datafield ind1=' ' ind2=' ' tag='010'>
        <subfield code='z'>10034634</subfield>
      </datafield>
      <datafield ind1=' ' ind2=' ' tag='040'>
        <subfield code='a'>NhD</subfield>
        <subfield code='c'>NhD</subfield>
        <subfield code='d'>PPL</subfield>
        <subfield code='e'>dcrb</subfield>
      </datafield>
      <datafield ind1='1' ind2=' ' tag='100'>
        <subfield code='a'>Chase, Salmon P.</subfield>
        <subfield code='q'>(Salmon Portland),</subfield>
        <subfield code='d'>1808-1873.</subfield>
      </datafield>
      <datafield ind1='1' ind2='0' tag='245'>
        <subfield code='a'>Reclamation of fugitives from service</subfield>
        <subfield code='h'>[electronic resource] :</subfield>
        <subfield code='b'>An argument for the defendant, submitted to the Supreme Court of the United States, at the December term, 1846. In the case of Wharton Jones vs. John Vanzandt /</subfield>
        <subfield code='c'>By S.P. Chase.</subfield>
      </datafield>
      <datafield ind1=' ' ind2=' ' tag='260'>
        <subfield code='a'>Cincinnati :</subfield>
        <subfield code='b'>printed by R.P. Donogh &amp; Co., 106 Main Street,</subfield>
        <subfield code='c'>1847.</subfield>
      </datafield>
      <datafield ind1=' ' ind2=' ' tag='300'>
        <subfield code='a'>1 online resource (108 p.)</subfield>
      </datafield>
      <datafield ind1='1' ind2=' ' tag='506'>
        <subfield code='a'>Access limited to UNC Chapel Hill-authenticated users.</subfield>
        <subfield code='f'>Unlimited simultaneous users</subfield>
      </datafield>
      <datafield ind1='4' ind2=' ' tag='510'>
        <subfield code='a'>Lib. Company. Afro-Americana,</subfield>
        <subfield code='c'>2228</subfield>
      </datafield>
      <datafield ind1='1' ind2='0' tag='610'>
        <subfield code='a'>United States.</subfield>
        <subfield code='t'>Fugitive slave law (1793)</subfield>
      </datafield>
      <datafield ind1=' ' ind2='0' tag='650'>
        <subfield code='a'>Fugitive slaves</subfield>
        <subfield code='x'>Legal status, laws, etc.</subfield>
        <subfield code='z'>Ohio.</subfield>
      </datafield>
      <datafield ind1='1' ind2=' ' tag='700'>
        <subfield code='a'>Jones, Wharton,</subfield>
        <subfield code='e'>plaintiff.</subfield>
      </datafield>
      <datafield ind1='1' ind2=' ' tag='700'>
        <subfield code='a'>Van Zandt, John,</subfield>
        <subfield code='d'>1791-1847,</subfield>
        <subfield code='e'>defendant.</subfield>
      </datafield>
      <datafield ind1='0' ind2=' ' tag='773'>
        <subfield code='t'>Afro-Americana imprints, 1535-1922 (online collection). Ebooks</subfield>
      </datafield>
      <datafield ind1='4' ind2='0' tag='856'>
        <subfield code='y'>Full text available via the UNC-Chapel Hill Libraries</subfield>
        <subfield code='u'>http://libproxy.lib.unc.edu/login?url=http://docs.newsbank.com/select/AFAMER/2228</subfield>
        <subfield code='x'>Afro-Americana Imprints</subfield>
      </datafield>
      <datafield ind1=' ' ind2=' ' tag='907'>
        <subfield code='a'>b7611257</subfield>
      </datafield>
  </record>