
  <record>
    <leader>00000cam a2200265Ia 4500</leader>
      <controlfield tag='008'>941006s1991    xr a          000 0bcze d</controlfield>
      <controlfield tag='001'>31229672</controlfield>
      <controlfield tag='005'>19970519143030.0</controlfield>
      <datafield ind1=' ' ind2=' ' tag='020'>
        <subfield code='a'>8085274086</subfield>
      </datafield>
      <datafield ind1=' ' ind2=' ' tag='040'>
        <subfield code='a'>IUL</subfield>
        <subfield code='c'>IUL</subfield>
        <subfield code='d'>NOC</subfield>
      </datafield>
      <datafield ind1='1' ind2=' ' tag='100'>
        <subfield code='a'>Salivarová, Zdena,</subfield>
        <subfield code='d'>1933-</subfield>
      </datafield>
      <datafield ind1='1' ind2='0' tag='245'>
        <subfield code='a'>Rozhovor :</subfield>
        <subfield code='b'>rozhovor Karla Hvížďaly se Zdenou Salivarovou- Škvoreckou /</subfield>
        <subfield code='c'>Zdena Salivarová.</subfield>
      </datafield>
      <datafield ind1=' ' ind2=' ' tag='250'>
        <subfield code='a'>Vyd. v ČSFR 1.</subfield>
      </datafield>
      <datafield ind1=' ' ind2=' ' tag='260'>
        <subfield code='a'>[Praha?] :</subfield>
        <subfield code='b'>Společnost Josefa Škvoreckého,</subfield>
        <subfield code='c'>1991.</subfield>
      </datafield>
      <datafield ind1=' ' ind2=' ' tag='300'>
        <subfield code='a'>37, [14] p. :</subfield>
        <subfield code='b'>ill. ;</subfield>
        <subfield code='c'>22 cm.</subfield>
      </datafield>
      <datafield ind1='1' ind2='0' tag='600'>
        <subfield code='a'>Salivarová, Zdena,</subfield>
        <subfield code='d'>1933-</subfield>
        <subfield code='v'>Interviews.</subfield>
      </datafield>
      <datafield ind1=' ' ind2='0' tag='650'>
        <subfield code='a'>Authors, Czech</subfield>
        <subfield code='y'>20th century</subfield>
        <subfield code='v'>Interviews.</subfield>
      </datafield>
      <datafield ind1='1' ind2=' ' tag='700'>
        <subfield code='a'>Hvížd̕ala, Karel,</subfield>
        <subfield code='d'>1941-</subfield>
      </datafield>
      <datafield ind1=' ' ind2=' ' tag='907'>
        <subfield code='a'>b3013940</subfield>
      </datafield>
      <datafield ind1='9' ind2='1' tag='999'>
        <subfield code='i'>i4288705</subfield>
        <subfield code='l'>ddda</subfield>
        <subfield code='s'>-</subfield>
        <subfield code='t'>0</subfield>
        <subfield code='c'>1</subfield>
        <subfield code='o'>0</subfield>
        <subfield code='b'>00013946545</subfield>
        <subfield code='p'>090</subfield>
        <subfield code='q'>|aPG5039.29.A5 Z474 1991</subfield>
      </datafield>
  </record>