
  <record>
    <leader>00000cjm a2200409 a 4500</leader>
      <controlfield tag='008'>930308s1992    nyumpn              eng d</controlfield>
      <controlfield tag='007'>sd zunznnmlne|</controlfield>
      <controlfield tag='001'>25898816</controlfield>
      <controlfield tag='003'>OCoLC</controlfield>
      <controlfield tag='005'>20090806015149.0</controlfield>
      <datafield ind1=' ' ind2=' ' tag='010'>
        <subfield code='a'>93705254</subfield>
      </datafield>
      <datafield ind1=' ' ind2=' ' tag='019'>
        <subfield code='a'>25990864</subfield>
      </datafield>
      <datafield ind1='0' ind2='2' tag='028'>
        <subfield code='a'>EK 52750</subfield>
        <subfield code='b'>Epic Soundtrax</subfield>
      </datafield>
      <datafield ind1=' ' ind2=' ' tag='035'>
        <subfield code='a'>(OCoLC)25898816</subfield>
        <subfield code='z'>(OCoLC)25990864</subfield>
      </datafield>
      <datafield ind1=' ' ind2=' ' tag='040'>
        <subfield code='a'>USl</subfield>
        <subfield code='c'>DLC</subfield>
        <subfield code='d'>UUP</subfield>
        <subfield code='d'>TLM</subfield>
        <subfield code='d'>OCLCQ</subfield>
        <subfield code='d'>NOC</subfield>
      </datafield>
      <datafield ind1=' ' ind2=' ' tag='042'>
        <subfield code='a'>lccopycat</subfield>
      </datafield>
      <datafield ind1=' ' ind2=' ' tag='049'>
        <subfield code='a'>NOCC</subfield>
      </datafield>
      <datafield ind1=' ' ind2='4' tag='082'>
        <subfield code='a'>781.542</subfield>
      </datafield>
      <datafield ind1='1' ind2=' ' tag='100'>
        <subfield code='a'>Morricone, Ennio.</subfield>
      </datafield>
      <datafield ind1='1' ind2='0' tag='245'>
        <subfield code='a'>City of joy</subfield>
        <subfield code='h'>[sound recording] :</subfield>
        <subfield code='b'>original motion picture soundtrack /</subfield>
        <subfield code='c'>music composed, orchestrated and conducted by Ennio Morricone.</subfield>
      </datafield>
      <datafield ind1=' ' ind2=' ' tag='260'>
        <subfield code='a'>[New York, N.Y.] :</subfield>
        <subfield code='b'>Epic Soundtrax,</subfield>
        <subfield code='c'>p1992.</subfield>
      </datafield>
      <datafield ind1=' ' ind2=' ' tag='300'>
        <subfield code='a'>1 sound disc :</subfield>
        <subfield code='b'>digital ;</subfield>
        <subfield code='c'>4 3/4 in.</subfield>
      </datafield>
      <datafield ind1=' ' ind2=' ' tag='500'>
        <subfield code='a'>Based on the book, Cité de la joie by Dominique Lapierre.</subfield>
      </datafield>
      <datafield ind1=' ' ind2=' ' tag='500'>
        <subfield code='a'>Compact disc.</subfield>
      </datafield>
      <datafield ind1='0' ind2=' ' tag='505'>
        <subfield code='a'>City of joy -- The family of the poor -- One night, by chance -- Crack down -- Hope -- In the labyrinth -- The family of the poor -- A surgeon in despair -- One night, by chance -- For a daughter&apos;s dowry -- Godfather of the bustee -- Monsoon -- Calcutta -- Bustee day -- The birth -- The worm turns -- The labyrinth -- To Calcutta -- The family of the poor -- To Roland.</subfield>
      </datafield>
      <datafield ind1='0' ind2=' ' tag='511'>
        <subfield code='a'>Various performers.</subfield>
      </datafield>
      <datafield ind1=' ' ind2='0' tag='650'>
        <subfield code='a'>Motion picture music</subfield>
        <subfield code='v'>Excerpts.</subfield>
      </datafield>
      <datafield ind1='1' ind2=' ' tag='700'>
        <subfield code='a'>Lapierre, Dominique.</subfield>
        <subfield code='t'>Cité de la joie.</subfield>
      </datafield>
      <datafield ind1='0' ind2=' ' tag='730'>
        <subfield code='a'>City of Joy (Motion picture)</subfield>
      </datafield>
      <datafield ind1=' ' ind2=' ' tag='907'>
        <subfield code='a'>b5986687</subfield>
      </datafield>
      <datafield ind1='9' ind2='1' tag='999'>
        <subfield code='i'>i7836842</subfield>
        <subfield code='l'>mmdd</subfield>
        <subfield code='s'>-</subfield>
        <subfield code='t'>50</subfield>
        <subfield code='c'>1</subfield>
        <subfield code='o'>0</subfield>
        <subfield code='b'>00035179298</subfield>
        <subfield code='p'>099</subfield>
        <subfield code='q'>|aCD-18,888</subfield>
      </datafield>
  </record>