
  <record>
    <leader>00000cam  2200265I  4500</leader>
      <controlfield tag='008'>790824s1919    nyu      b    000 0 engmc</controlfield>
      <controlfield tag='001'>5306595</controlfield>
      <controlfield tag='005'>19841005000000.0</controlfield>
      <datafield ind1=' ' ind2=' ' tag='010'>
        <subfield code='a'>20004980</subfield>
      </datafield>
      <datafield ind1=' ' ind2=' ' tag='040'>
        <subfield code='a'>HRM</subfield>
        <subfield code='c'>HRM</subfield>
        <subfield code='d'>NOC</subfield>
      </datafield>
      <datafield ind1='1' ind2=' ' tag='100'>
        <subfield code='a'>Leary, Daniel Bell,</subfield>
        <subfield code='d'>1886-</subfield>
      </datafield>
      <datafield ind1='1' ind2='0' tag='245'>
        <subfield code='a'>Education and autocracy in Russia from the origins to the Bolsheviki</subfield>
        <subfield code='c'>[by] Daniel Bell Leary ...</subfield>
      </datafield>
      <datafield ind1=' ' ind2=' ' tag='260'>
        <subfield code='a'>Buffalo, N.Y.,</subfield>
        <subfield code='b'>University of Buffalo, College of Arts and Sciences,</subfield>
        <subfield code='c'>1919.</subfield>
      </datafield>
      <datafield ind1=' ' ind2=' ' tag='300'>
        <subfield code='a'>1 p. l., 5-127, [1] p.</subfield>
        <subfield code='c'>23 cm.</subfield>
      </datafield>
      <datafield ind1=' ' ind2=' ' tag='500'>
        <subfield code='a'>Vita.</subfield>
      </datafield>
      <datafield ind1=' ' ind2=' ' tag='500'>
        <subfield code='a'>Published also as University of Buffalo Studies, no. 1, September, 1919, ed. by the Committee on publications, College of Arts and Sciences.</subfield>
      </datafield>
      <datafield ind1=' ' ind2=' ' tag='502'>
        <subfield code='a'>Thesis (Ph. D.)--Columbia University.</subfield>
      </datafield>
      <datafield ind1=' ' ind2=' ' tag='504'>
        <subfield code='a'>Bibliographies: p. 124-127.</subfield>
      </datafield>
      <datafield ind1=' ' ind2='0' tag='650'>
        <subfield code='a'>Education</subfield>
        <subfield code='z'>Soviet Union.</subfield>
      </datafield>
      <datafield ind1=' ' ind2='0' tag='650'>
        <subfield code='a'>Communism.</subfield>
      </datafield>
      <datafield ind1=' ' ind2='0' tag='651'>
        <subfield code='a'>Soviet Union</subfield>
        <subfield code='x'>History.</subfield>
      </datafield>
      <datafield ind1=' ' ind2=' ' tag='907'>
        <subfield code='a'>b1635455</subfield>
      </datafield>
      <datafield ind1='9' ind2='1' tag='999'>
        <subfield code='i'>i2329944</subfield>
        <subfield code='l'>trln</subfield>
        <subfield code='s'>-</subfield>
        <subfield code='t'>0</subfield>
        <subfield code='c'>1</subfield>
        <subfield code='o'>6</subfield>
        <subfield code='b'>00002334691</subfield>
        <subfield code='p'>090</subfield>
        <subfield code='q'>|aLA831 .L36</subfield>
      </datafield>
  </record>