
  <record>
    <leader>00000cam  2200253Ia 4500</leader>
      <controlfield tag='008'>110210s2010    nbu           000 p eng d</controlfield>
      <controlfield tag='001'>701368547</controlfield>
      <controlfield tag='003'>OCoLC</controlfield>
      <controlfield tag='005'>20120131105007.9</controlfield>
      <datafield ind1=' ' ind2=' ' tag='020'>
        <subfield code='a'>9781935218128</subfield>
      </datafield>
      <datafield ind1=' ' ind2=' ' tag='020'>
        <subfield code='a'>1935218123</subfield>
      </datafield>
      <datafield ind1=' ' ind2=' ' tag='035'>
        <subfield code='a'>(OCoLC)701368547</subfield>
      </datafield>
      <datafield ind1=' ' ind2=' ' tag='040'>
        <subfield code='a'>GZU</subfield>
        <subfield code='c'>GZU</subfield>
        <subfield code='d'>CDX</subfield>
        <subfield code='d'>BTCTA</subfield>
        <subfield code='d'>STF</subfield>
        <subfield code='d'>YDXCP</subfield>
        <subfield code='d'>NhCcYBP</subfield>
      </datafield>
      <datafield ind1=' ' ind2='4' tag='050'>
        <subfield code='a'>PS3560.O379745</subfield>
        <subfield code='b'>A94 2010</subfield>
      </datafield>
      <datafield ind1='1' ind2=' ' tag='100'>
        <subfield code='a'>Johnson, Linnea,</subfield>
        <subfield code='d'>1946-</subfield>
      </datafield>
      <datafield ind1='1' ind2='0' tag='245'>
        <subfield code='a'>Augury /</subfield>
        <subfield code='c'>Linnea Johnson.</subfield>
      </datafield>
      <datafield ind1=' ' ind2=' ' tag='260'>
        <subfield code='a'>Omaha, Neb. :</subfield>
        <subfield code='b'>Backwaters Press,</subfield>
        <subfield code='c'>c2010.</subfield>
      </datafield>
      <datafield ind1=' ' ind2=' ' tag='300'>
        <subfield code='a'>104 p. ;</subfield>
        <subfield code='c'>26 cm.</subfield>
      </datafield>
      <datafield ind1=' ' ind2='0' tag='650'>
        <subfield code='a'>Autobiographical poetry, American.</subfield>
      </datafield>
      <datafield ind1=' ' ind2=' ' tag='907'>
        <subfield code='a'>b7070145</subfield>
      </datafield>
      <datafield ind1='9' ind2='1' tag='999'>
        <subfield code='i'>i9515324</subfield>
        <subfield code='l'>ddda</subfield>
        <subfield code='s'>-</subfield>
        <subfield code='t'>0</subfield>
        <subfield code='c'>1</subfield>
        <subfield code='o'>0</subfield>
        <subfield code='b'>00042975995</subfield>
        <subfield code='p'>050</subfield>
        <subfield code='q'>|aPS3560.O379745|bA94 2010</subfield>
      </datafield>
  </record>