
  <record>
    <leader>00000cam a2200373Ia 4500</leader>
      <controlfield tag='008'>011210s2000    ru acf   b    000 0drusod</controlfield>
      <controlfield tag='001'>48562743</controlfield>
      <controlfield tag='005'>20040908153918.0</controlfield>
      <datafield ind1=' ' ind2=' ' tag='020'>
        <subfield code='a'>5295027694</subfield>
      </datafield>
      <datafield ind1=' ' ind2=' ' tag='040'>
        <subfield code='a'>LNQ</subfield>
        <subfield code='c'>LNQ</subfield>
        <subfield code='d'>NOC</subfield>
      </datafield>
      <datafield ind1='0' ind2=' ' tag='041'>
        <subfield code='a'>rus</subfield>
        <subfield code='a'>bak</subfield>
      </datafield>
      <datafield ind1='1' ind2=' ' tag='100'>
        <subfield code='a'>I͡Uldashbaev, Amir Murzagaleevich.</subfield>
      </datafield>
      <datafield ind1='1' ind2='0' tag='245'>
        <subfield code='a'>Izvestnyĭ i neizvestnyĭ Zaki Validi :</subfield>
        <subfield code='b'>v pam︠i︡ati svoikh sovremennikov /</subfield>
        <subfield code='c'>A.M. ︠I︡Uldashbaev.</subfield>
      </datafield>
      <datafield ind1=' ' ind2=' ' tag='260'>
        <subfield code='a'>Ufa :</subfield>
        <subfield code='b'>Kitap,</subfield>
        <subfield code='c'>2000.</subfield>
      </datafield>
      <datafield ind1=' ' ind2=' ' tag='300'>
        <subfield code='a'>317 p., [16] p. of plates :</subfield>
        <subfield code='b'>ill. (some col.), ports. ;</subfield>
        <subfield code='c'>21 cm.</subfield>
      </datafield>
      <datafield ind1=' ' ind2=' ' tag='500'>
        <subfield code='a'>&quot;Obshchestvenno-politicheskoe izdanie&quot;--Colophon.</subfield>
      </datafield>
      <datafield ind1=' ' ind2=' ' tag='504'>
        <subfield code='a'>Includes bibliographical references.</subfield>
      </datafield>
      <datafield ind1=' ' ind2=' ' tag='546'>
        <subfield code='a'>Includes Bashkir text.</subfield>
      </datafield>
      <datafield ind1='1' ind2='0' tag='600'>
        <subfield code='a'>Togan, Ahmed Zeki Velidi,</subfield>
        <subfield code='d'>1890-1970.</subfield>
      </datafield>
      <datafield ind1=' ' ind2='0' tag='650'>
        <subfield code='a'>Historians</subfield>
        <subfield code='z'>Asia, Central</subfield>
        <subfield code='v'>Biography.</subfield>
      </datafield>
      <datafield ind1=' ' ind2='0' tag='650'>
        <subfield code='a'>Historians</subfield>
        <subfield code='z'>Turkey</subfield>
        <subfield code='v'>Biography.</subfield>
      </datafield>
      <datafield ind1=' ' ind2='0' tag='650'>
        <subfield code='a'>Revolutionaries</subfield>
        <subfield code='z'>Russia (Federation)</subfield>
        <subfield code='z'>Bashkortostan</subfield>
        <subfield code='v'>Biography.</subfield>
      </datafield>
      <datafield ind1=' ' ind2='0' tag='650'>
        <subfield code='a'>Scientists</subfield>
        <subfield code='z'>Russia (Federation)</subfield>
        <subfield code='z'>Bashkortostan</subfield>
        <subfield code='v'>Biography.</subfield>
      </datafield>
      <datafield ind1=' ' ind2='0' tag='651'>
        <subfield code='a'>Bashkortostan (Russia)</subfield>
        <subfield code='x'>History</subfield>
        <subfield code='x'>Autonomy and independence movements.</subfield>
      </datafield>
      <datafield ind1=' ' ind2='0' tag='830'>
        <subfield code='a'>Suverenitetu Respubliki Bashkortostan 10 let.</subfield>
      </datafield>
      <datafield ind1=' ' ind2=' ' tag='907'>
        <subfield code='a'>b4493036</subfield>
      </datafield>
      <datafield ind1='9' ind2='1' tag='999'>
        <subfield code='i'>i6105983</subfield>
        <subfield code='l'>ddda</subfield>
        <subfield code='s'>-</subfield>
        <subfield code='t'>0</subfield>
        <subfield code='c'>1</subfield>
        <subfield code='o'>0</subfield>
        <subfield code='b'>00024226124</subfield>
        <subfield code='p'>090</subfield>
        <subfield code='q'>|aDK855.83.T64 I95 2000</subfield>
      </datafield>
  </record>