
  <record>
    <leader>00000ncm a2200217 a 4500</leader>
      <controlfield tag='008'>140606s1948    nyuuul         00   eng d</controlfield>
      <datafield ind1='1' ind2=' ' tag='100'>
        <subfield code='a'>Skylar, Sunny,</subfield>
        <subfield code='d'>1913-2009,</subfield>
        <subfield code='e'>composer,</subfield>
        <subfield code='e'>lyricist.</subfield>
      </datafield>
      <datafield ind1='1' ind2='0' tag='245'>
        <subfield code='a'>Hair of gold eyes of blue /</subfield>
        <subfield code='c'>[words and music] by Sunny Skylar.</subfield>
      </datafield>
      <datafield ind1=' ' ind2='1' tag='264'>
        <subfield code='a'>New York, N.Y. :</subfield>
        <subfield code='b'>Robert Music Corp.,</subfield>
        <subfield code='c'>c1948.</subfield>
      </datafield>
      <datafield ind1=' ' ind2=' ' tag='300'>
        <subfield code='a'>3 pages :</subfield>
        <subfield code='b'>illustrations</subfield>
      </datafield>
      <datafield ind1=' ' ind2=' ' tag='336'>
        <subfield code='a'>notated music</subfield>
        <subfield code='b'>ntm</subfield>
        <subfield code='2'>rdacontent</subfield>
      </datafield>
      <datafield ind1=' ' ind2=' ' tag='337'>
        <subfield code='a'>unmediated</subfield>
        <subfield code='b'>n</subfield>
        <subfield code='2'>rdamedia</subfield>
      </datafield>
      <datafield ind1=' ' ind2=' ' tag='338'>
        <subfield code='a'>volume</subfield>
        <subfield code='b'>nc</subfield>
        <subfield code='2'>rdacarrier</subfield>
      </datafield>
      <datafield ind1=' ' ind2=' ' tag='500'>
        <subfield code='a'>For voice and piano, with guitar chords.</subfield>
      </datafield>
      <datafield ind1=' ' ind2=' ' tag='500'>
        <subfield code='a'>Illustration: Image of a flag with a ribbon on stripes of color.</subfield>
      </datafield>
      <datafield ind1=' ' ind2=' ' tag='500'>
        <subfield code='a'>First line of text: I (He) came down from Butte, Montana, for a little change of scene.</subfield>
      </datafield>
      <datafield ind1=' ' ind2=' ' tag='500'>
        <subfield code='a'>UNC Sheet Music Collection.</subfield>
      </datafield>
      <datafield ind1=' ' ind2=' ' tag='907'>
        <subfield code='a'>b7837707</subfield>
      </datafield>
      <datafield ind1='9' ind2='1' tag='999'>
        <subfield code='i'>i10377720</subfield>
        <subfield code='l'>mmdd</subfield>
        <subfield code='s'>o</subfield>
        <subfield code='t'>45</subfield>
        <subfield code='c'>1</subfield>
        <subfield code='o'>0</subfield>
        <subfield code='n'>In UNC Sheet Music Collection:  Ask at Music Library Circulation Desk</subfield>
      </datafield>
  </record>