
  <record>
    <leader>00000cam  2200277Ia 4500</leader>
      <controlfield tag='008'>020710r20021994cau      b    001 0 eng d</controlfield>
      <controlfield tag='001'>50145719</controlfield>
      <controlfield tag='005'>20020711082503.0</controlfield>
      <datafield ind1=' ' ind2=' ' tag='020'>
        <subfield code='a'>0742521419</subfield>
      </datafield>
      <datafield ind1=' ' ind2=' ' tag='040'>
        <subfield code='a'>XQM</subfield>
        <subfield code='c'>XQM</subfield>
        <subfield code='d'>NOC</subfield>
      </datafield>
      <datafield ind1='1' ind2=' ' tag='100'>
        <subfield code='a'>Bennett, Jane,</subfield>
        <subfield code='d'>1957-</subfield>
      </datafield>
      <datafield ind1='1' ind2='0' tag='245'>
        <subfield code='a'>Thoreau&apos;s nature :</subfield>
        <subfield code='b'>ethics, politics, and the wild /</subfield>
        <subfield code='c'>Jane Bennett.</subfield>
      </datafield>
      <datafield ind1=' ' ind2=' ' tag='250'>
        <subfield code='a'>New ed.</subfield>
      </datafield>
      <datafield ind1=' ' ind2=' ' tag='260'>
        <subfield code='a'>Lanham, Md. :</subfield>
        <subfield code='b'>Rowman &amp; Littlefield,</subfield>
        <subfield code='c'>c2002.</subfield>
      </datafield>
      <datafield ind1=' ' ind2=' ' tag='300'>
        <subfield code='a'>xxii, 141 p. ;</subfield>
        <subfield code='c'>23 cm.</subfield>
      </datafield>
      <datafield ind1=' ' ind2=' ' tag='500'>
        <subfield code='a'>Originally published in 1994. Reprinted with new preface and introduction.</subfield>
      </datafield>
      <datafield ind1=' ' ind2=' ' tag='504'>
        <subfield code='a'>Includes bibliographical references and index.</subfield>
      </datafield>
      <datafield ind1='1' ind2='0' tag='600'>
        <subfield code='a'>Thoreau, Henry David,</subfield>
        <subfield code='d'>1817-1862</subfield>
        <subfield code='x'>Knowledge</subfield>
        <subfield code='x'>Natural history.</subfield>
      </datafield>
      <datafield ind1='1' ind2='0' tag='600'>
        <subfield code='a'>Thoreau, Henry David,</subfield>
        <subfield code='d'>1817-1862</subfield>
        <subfield code='x'>Political and social views.</subfield>
      </datafield>
      <datafield ind1='1' ind2='0' tag='600'>
        <subfield code='a'>Thoreau, Henry David,</subfield>
        <subfield code='d'>1817-1862</subfield>
        <subfield code='x'>Ethics.</subfield>
      </datafield>
      <datafield ind1='1' ind2='4' tag='600'>
        <subfield code='a'>Thoreau, Henry David,</subfield>
        <subfield code='d'>1817-1862</subfield>
        <subfield code='x'>Knowledge</subfield>
        <subfield code='x'>Natural history.</subfield>
      </datafield>
      <datafield ind1=' ' ind2='0' tag='830'>
        <subfield code='a'>Modernity and political thought (Unnumbered)</subfield>
      </datafield>
      <datafield ind1=' ' ind2=' ' tag='907'>
        <subfield code='a'>b4165825</subfield>
      </datafield>
      <datafield ind1='9' ind2='1' tag='999'>
        <subfield code='i'>i5711711</subfield>
        <subfield code='l'>ddda</subfield>
        <subfield code='s'>-</subfield>
        <subfield code='t'>0</subfield>
        <subfield code='c'>1</subfield>
        <subfield code='o'>4</subfield>
        <subfield code='b'>00021049802</subfield>
        <subfield code='p'>090</subfield>
        <subfield code='q'>|aB931.T44 B46 2002</subfield>
      </datafield>
      <datafield ind1='9' ind2='1' tag='999'>
        <subfield code='i'>i5711712</subfield>
        <subfield code='l'>ddda</subfield>
        <subfield code='s'>-</subfield>
        <subfield code='t'>0</subfield>
        <subfield code='c'>2</subfield>
        <subfield code='o'>5</subfield>
        <subfield code='b'>00021835784</subfield>
        <subfield code='p'>090</subfield>
        <subfield code='q'>|aB931.T44 B46 2002</subfield>
      </datafield>
  </record>