
  <record>
    <leader>00000nam a2200349 a 4500</leader>
      <controlfield tag='006'>m     o  d</controlfield>
      <controlfield tag='007'>cr cn||||||||a</controlfield>
      <controlfield tag='008'>101217s2010    cm      o     000 d eng d</controlfield>
      <controlfield tag='001'>ebr10430874</controlfield>
      <controlfield tag='003'>CaPaEBR</controlfield>
      <datafield ind1=' ' ind2=' ' tag='020'>
        <subfield code='z'>995657838X</subfield>
      </datafield>
      <datafield ind1=' ' ind2=' ' tag='020'>
        <subfield code='z'>9789956578382</subfield>
      </datafield>
      <datafield ind1=' ' ind2=' ' tag='020'>
        <subfield code='a'>9789956578757 (e-book)</subfield>
      </datafield>
      <datafield ind1=' ' ind2=' ' tag='035'>
        <subfield code='a'>(OCoLC)698588743</subfield>
      </datafield>
      <datafield ind1=' ' ind2=' ' tag='040'>
        <subfield code='a'>CaPaEBR</subfield>
        <subfield code='c'>CaPaEBR</subfield>
      </datafield>
      <datafield ind1='1' ind2='4' tag='050'>
        <subfield code='a'>PR9372.9.N54</subfield>
        <subfield code='b'>B53 2010eb</subfield>
      </datafield>
      <datafield ind1='1' ind2=' ' tag='100'>
        <subfield code='a'>Nkengasong, John Nkemngong.</subfield>
      </datafield>
      <datafield ind1='1' ind2='0' tag='245'>
        <subfield code='a'>Black caps and red feathers</subfield>
        <subfield code='h'>[electronic resource] :</subfield>
        <subfield code='b'>and, Ancestral earth : (two plays) /</subfield>
        <subfield code='c'>John Nkemngong Nkengasong.</subfield>
      </datafield>
      <datafield ind1='3' ind2=' ' tag='246'>
        <subfield code='a'>Black caps and red feathers ; and, Ancestral earth</subfield>
      </datafield>
      <datafield ind1=' ' ind2=' ' tag='260'>
        <subfield code='a'>Bamenda [Cameroon] :</subfield>
        <subfield code='b'>Langaa Research &amp; Pub.,</subfield>
        <subfield code='c'>2010.</subfield>
      </datafield>
      <datafield ind1=' ' ind2=' ' tag='300'>
        <subfield code='a'>1 online resource (xii, 80 p.)</subfield>
      </datafield>
      <datafield ind1='0' ind2=' ' tag='505'>
        <subfield code='a'>play 1. Black caps and red feathers -- play 2. Ancestral earth.</subfield>
      </datafield>
      <datafield ind1='1' ind2=' ' tag='506'>
        <subfield code='a'>Access limited to UNC Chapel Hill-authenticated users.</subfield>
        <subfield code='f'>Unlimited simultaneous users</subfield>
      </datafield>
      <datafield ind1=' ' ind2='0' tag='650'>
        <subfield code='a'>Global warming</subfield>
        <subfield code='v'>Drama.</subfield>
      </datafield>
      <datafield ind1='0' ind2='2' tag='740'>
        <subfield code='a'>Ancestral earth.</subfield>
      </datafield>
      <datafield ind1='0' ind2=' ' tag='773'>
        <subfield code='t'>Ebrary academic complete (online collection)</subfield>
      </datafield>
      <datafield ind1='4' ind2='0' tag='856'>
        <subfield code='y'>Full text available via the UNC-Chapel Hill Libraries</subfield>
        <subfield code='u'>http://libproxy.lib.unc.edu/login?url=http://site.ebrary.com/lib/uncch/Doc?id=10430874</subfield>
      </datafield>
      <datafield ind1=' ' ind2=' ' tag='907'>
        <subfield code='a'>b8068251</subfield>
      </datafield>
  </record>