
  <record>
    <leader>00000cam a2200301Ia 4500</leader>
      <controlfield tag='007'>hdrafa014baca</controlfield>
      <controlfield tag='007'>hdubfu---bubu</controlfield>
      <controlfield tag='008'>840306s1853    ohuaf   a     000 1 eng d</controlfield>
      <controlfield tag='001'>10490571</controlfield>
      <controlfield tag='005'>19960618114805.0</controlfield>
      <datafield ind1=' ' ind2=' ' tag='010'>
        <subfield code='a'>nuc87356880</subfield>
      </datafield>
      <datafield ind1=' ' ind2=' ' tag='040'>
        <subfield code='a'>ResP</subfield>
        <subfield code='c'>LWS</subfield>
        <subfield code='d'>RQM</subfield>
      </datafield>
      <datafield ind1='1' ind2='0' tag='050'>
        <subfield code='a'>PZ3.B4724</subfield>
        <subfield code='b'>A</subfield>
      </datafield>
      <datafield ind1='1' ind2='4' tag='050'>
        <subfield code='a'>PS15</subfield>
      </datafield>
      <datafield ind1='1' ind2=' ' tag='100'>
        <subfield code='a'>Bickley, George W. L.,</subfield>
        <subfield code='d'>1823-1867.</subfield>
      </datafield>
      <datafield ind1='1' ind2='0' tag='245'>
        <subfield code='a'>Adalaska, or, The strange and mysterious family of the Cave of Genreva</subfield>
        <subfield code='h'>[microform] /</subfield>
        <subfield code='c'>by Geo. W.L. Bickley ...</subfield>
      </datafield>
      <datafield ind1=' ' ind2=' ' tag='260'>
        <subfield code='a'>Cincinnati :</subfield>
        <subfield code='b'>H.M. Rulison,</subfield>
        <subfield code='c'>1853.</subfield>
      </datafield>
      <datafield ind1=' ' ind2=' ' tag='300'>
        <subfield code='a'>viii, 19-106 p., plates :</subfield>
        <subfield code='b'>ill. ;</subfield>
        <subfield code='c'>23 cm.</subfield>
      </datafield>
      <datafield ind1=' ' ind2=' ' tag='500'>
        <subfield code='a'>Pages 9-18 omitted in page numbering; text is complete.</subfield>
      </datafield>
      <datafield ind1=' ' ind2=' ' tag='500'>
        <subfield code='a'>Master microform held by: ResP.</subfield>
      </datafield>
      <datafield ind1=' ' ind2=' ' tag='500'>
        <subfield code='a'>Film includes multiple images of some pages.</subfield>
      </datafield>
      <datafield ind1=' ' ind2=' ' tag='533'>
        <subfield code='a'>Microfilm.</subfield>
        <subfield code='b'>Woodbridge, Conn. :</subfield>
        <subfield code='c'>Research Publications,</subfield>
        <subfield code='d'>197-.</subfield>
        <subfield code='e'>1 microfilm reel ; 35 mm.</subfield>
        <subfield code='f'>(Wright American fiction ; v. 2 (1851-1875), reel B-16, no. 297).</subfield>
      </datafield>
      <datafield ind1='1' ind2=' ' tag='776'>
        <subfield code='c'>Original</subfield>
        <subfield code='w'>(DLC)06-13108</subfield>
      </datafield>
      <datafield ind1=' ' ind2='0' tag='830'>
        <subfield code='a'>Wright American fiction.</subfield>
        <subfield code='n'>v. 2,</subfield>
        <subfield code='p'>1851-1875 ;</subfield>
        <subfield code='v'>reel B-16, no. 297.</subfield>
      </datafield>
      <datafield ind1=' ' ind2=' ' tag='907'>
        <subfield code='a'>b2852647</subfield>
      </datafield>
      <datafield ind1='9' ind2='1' tag='999'>
        <subfield code='i'>i4090474</subfield>
        <subfield code='l'>dgdaa</subfield>
        <subfield code='s'>-</subfield>
        <subfield code='t'>28</subfield>
        <subfield code='c'>1</subfield>
        <subfield code='o'>0</subfield>
        <subfield code='b'>HATB-6150-00001</subfield>
        <subfield code='p'>099</subfield>
        <subfield code='q'>|a1-118 v. 2 (1851-1875), reel B-16, no. 2</subfield>
      </datafield>
  </record>