
  <record>
    <leader>00000nam  2200361 a 4500</leader>
      <controlfield tag='006'>m    |o  d |</controlfield>
      <controlfield tag='008'>100505s2010    enk    fo     001 0 eng d</controlfield>
      <controlfield tag='007'>cr |n|||||||||</controlfield>
      <controlfield tag='001'>OSOUK99580170</controlfield>
      <controlfield tag='003'>StDuBDS</controlfield>
      <controlfield tag='005'>20100514143742.0</controlfield>
      <datafield ind1=' ' ind2=' ' tag='020'>
        <subfield code='z'>9780199580170 (print)</subfield>
      </datafield>
      <datafield ind1=' ' ind2=' ' tag='040'>
        <subfield code='a'>StDuBDS</subfield>
        <subfield code='c'>StDuBDS</subfield>
      </datafield>
      <datafield ind1=' ' ind2='4' tag='050'>
        <subfield code='a'>BJ1595</subfield>
      </datafield>
      <datafield ind1='0' ind2='4' tag='082'>
        <subfield code='a'>170</subfield>
        <subfield code='2'>22</subfield>
      </datafield>
      <datafield ind1='1' ind2=' ' tag='100'>
        <subfield code='a'>Holtug, Nils,</subfield>
        <subfield code='d'>1964-</subfield>
      </datafield>
      <datafield ind1='1' ind2='0' tag='245'>
        <subfield code='a'>Persons, interests, and justice</subfield>
        <subfield code='h'>[electronic resource] /</subfield>
        <subfield code='c'>Nils Holtug.</subfield>
      </datafield>
      <datafield ind1=' ' ind2=' ' tag='260'>
        <subfield code='a'>Oxford :</subfield>
        <subfield code='b'>Oxford University Press,</subfield>
        <subfield code='c'>2010.</subfield>
      </datafield>
      <datafield ind1=' ' ind2=' ' tag='300'>
        <subfield code='a'>1 online resource (x, 356 p.)</subfield>
      </datafield>
      <datafield ind1=' ' ind2=' ' tag='504'>
        <subfield code='a'>Includes bibliographical references and index.</subfield>
      </datafield>
      <datafield ind1='1' ind2=' ' tag='506'>
        <subfield code='a'>Access limited to UNC Chapel Hill-authenticated users.</subfield>
        <subfield code='f'>Unlimited simultaneous users</subfield>
      </datafield>
      <datafield ind1='8' ind2=' ' tag='520'>
        <subfield code='a'>In our lives, we aim to achieve welfare for ourselves, that is, to live good lives. But we also have another, more impartial perspective, where we aim to balance our concern for our own welfare against a concern for the welfare of others. This is a perspective of justice. Nils Holtug examines these two perspectives.</subfield>
      </datafield>
      <datafield ind1=' ' ind2='0' tag='650'>
        <subfield code='a'>Conduct of life.</subfield>
      </datafield>
      <datafield ind1=' ' ind2='0' tag='650'>
        <subfield code='a'>Justice.</subfield>
      </datafield>
      <datafield ind1=' ' ind2='0' tag='650'>
        <subfield code='a'>Well-being.</subfield>
      </datafield>
      <datafield ind1='0' ind2=' ' tag='773'>
        <subfield code='t'>University press scholarship online (online collection)</subfield>
      </datafield>
      <datafield ind1='0' ind2='8' tag='776'>
        <subfield code='i'>Print version</subfield>
        <subfield code='z'>9780199580170</subfield>
      </datafield>
      <datafield ind1='4' ind2='0' tag='856'>
        <subfield code='u'>http://libproxy.lib.unc.edu/login?url=http://dx.doi.org/10.1093/acprof:oso/9780199580170.001.0001</subfield>
        <subfield code='y'>Full text available via the UNC-Chapel Hill Libraries</subfield>
      </datafield>
      <datafield ind1=' ' ind2=' ' tag='907'>
        <subfield code='a'>b7160362</subfield>
      </datafield>
  </record>