
  <record>
    <leader>00000cam  2200205Ii 4500</leader>
      <controlfield tag='008'>791211s1887    nyua     b    001 0 eng d</controlfield>
      <controlfield tag='001'>5784230</controlfield>
      <controlfield tag='005'>19961119104816.0</controlfield>
      <datafield ind1=' ' ind2=' ' tag='019'>
        <subfield code='a'>7766691</subfield>
        <subfield code='a'>16730818</subfield>
      </datafield>
      <datafield ind1=' ' ind2=' ' tag='040'>
        <subfield code='a'>VPI</subfield>
        <subfield code='c'>VPI</subfield>
        <subfield code='d'>LUL</subfield>
      </datafield>
      <datafield ind1=' ' ind2=' ' tag='043'>
        <subfield code='a'>n-us-ny</subfield>
      </datafield>
      <datafield ind1='1' ind2=' ' tag='100'>
        <subfield code='a'>Abbott, John S. C.</subfield>
        <subfield code='q'>(John Stevens Cabot),</subfield>
        <subfield code='d'>1805-1877.</subfield>
      </datafield>
      <datafield ind1='1' ind2='4' tag='245'>
        <subfield code='a'>The French revolution of 1789 :</subfield>
        <subfield code='b'>as viewed in the light of republican institutions /</subfield>
        <subfield code='c'>by John S. C. Abbott.  With numerous engravings.</subfield>
      </datafield>
      <datafield ind1=' ' ind2=' ' tag='260'>
        <subfield code='a'>New York :</subfield>
        <subfield code='b'>Harper &amp; brothers,</subfield>
        <subfield code='c'>c1887.</subfield>
      </datafield>
      <datafield ind1=' ' ind2=' ' tag='300'>
        <subfield code='a'>2 v. :</subfield>
        <subfield code='b'>ill. ;</subfield>
        <subfield code='c'>26 cm.</subfield>
      </datafield>
      <datafield ind1=' ' ind2=' ' tag='500'>
        <subfield code='a'>First edition, 1859.</subfield>
      </datafield>
      <datafield ind1=' ' ind2=' ' tag='504'>
        <subfield code='a'>Includes bibliographical references and index.</subfield>
      </datafield>
      <datafield ind1=' ' ind2='0' tag='651'>
        <subfield code='a'>France</subfield>
        <subfield code='x'>History</subfield>
        <subfield code='y'>Revolution, 1789-1799.</subfield>
      </datafield>
      <datafield ind1=' ' ind2=' ' tag='907'>
        <subfield code='a'>b2967550</subfield>
      </datafield>
      <datafield ind1='9' ind2='1' tag='999'>
        <subfield code='i'>i4223627</subfield>
        <subfield code='l'>trln</subfield>
        <subfield code='s'>-</subfield>
        <subfield code='t'>0</subfield>
        <subfield code='c'>1</subfield>
        <subfield code='o'>0</subfield>
        <subfield code='b'>00031801177</subfield>
        <subfield code='p'>092</subfield>
        <subfield code='q'>|a944.04 A132f</subfield>
        <subfield code='v'>v.1</subfield>
      </datafield>
      <datafield ind1='9' ind2='1' tag='999'>
        <subfield code='i'>i7379783</subfield>
        <subfield code='l'>trln</subfield>
        <subfield code='s'>-</subfield>
        <subfield code='t'>0</subfield>
        <subfield code='c'>1</subfield>
        <subfield code='o'>0</subfield>
        <subfield code='b'>00031801168</subfield>
        <subfield code='p'>092</subfield>
        <subfield code='q'>|a944.04 A132f</subfield>
        <subfield code='v'>v.2</subfield>
      </datafield>
      <datafield ind1='9' ind2='2' tag='999'>
        <subfield code='a'>c3154265</subfield>
        <subfield code='b'>trln</subfield>
        <subfield code='c'>0</subfield>
      </datafield>
      <datafield ind1='9' ind2='3' tag='999'>
        <subfield code='0'>c3154265</subfield>
        <subfield code='2'>852</subfield>
        <subfield code='3'>c</subfield>
        <subfield code='b'>555541</subfield>
        <subfield code='h'>944.04</subfield>
        <subfield code='i'>A132f</subfield>
        <subfield code='x'>*</subfield>
        <subfield code='x'>recon</subfield>
      </datafield>
      <datafield ind1='9' ind2='3' tag='999'>
        <subfield code='0'>c3154265</subfield>
        <subfield code='2'>853</subfield>
        <subfield code='3'>y</subfield>
        <subfield code='8'>1</subfield>
        <subfield code='a'>v.</subfield>
        <subfield code='t'>c.</subfield>
      </datafield>
      <datafield ind1='9' ind2='3' tag='999'>
        <subfield code='0'>c3154265</subfield>
        <subfield code='2'>866</subfield>
        <subfield code='3'>h</subfield>
        <subfield code='8'>0</subfield>
        <subfield code='a'>v.1-2</subfield>
      </datafield>
  </record>