
  <record>
    <leader>00000cam  2200205 a 4500</leader>
      <controlfield tag='008'>870710s1986    flu      b   s101 0 eng  </controlfield>
      <controlfield tag='001'>14167983</controlfield>
      <controlfield tag='005'>19890619182500.8</controlfield>
      <datafield ind1=' ' ind2=' ' tag='010'>
        <subfield code='a'>86022393</subfield>
      </datafield>
      <datafield ind1=' ' ind2=' ' tag='020'>
        <subfield code='a'>0813008638 (pbk. :alk. paper)</subfield>
      </datafield>
      <datafield ind1=' ' ind2=' ' tag='040'>
        <subfield code='a'>DLC</subfield>
        <subfield code='c'>DLC</subfield>
        <subfield code='d'>m/c</subfield>
        <subfield code='d'>NOC</subfield>
      </datafield>
      <datafield ind1='0' ind2=' ' tag='082'>
        <subfield code='a'>791.43/75</subfield>
        <subfield code='2'>19</subfield>
      </datafield>
      <datafield ind1='2' ind2=' ' tag='111'>
        <subfield code='a'>Florida State University Conference on Literature and Film</subfield>
        <subfield code='n'>(10th :</subfield>
        <subfield code='d'>1985 :</subfield>
        <subfield code='c'>Tallahassee, Fla.)</subfield>
      </datafield>
      <datafield ind1='1' ind2='4' tag='245'>
        <subfield code='a'>The kingdom of dreams :</subfield>
        <subfield code='b'>selected papers from the Tenth Annual Florida State University Conference on Literature and Film /</subfield>
        <subfield code='c'>edited by Douglas Fowler.</subfield>
      </datafield>
      <datafield ind1=' ' ind2=' ' tag='260'>
        <subfield code='a'>Tallahassee :</subfield>
        <subfield code='b'>University Presses of Florida,</subfield>
        <subfield code='c'>c1986.</subfield>
      </datafield>
      <datafield ind1=' ' ind2=' ' tag='300'>
        <subfield code='a'>148 p. ;</subfield>
        <subfield code='c'>21 cm.</subfield>
      </datafield>
      <datafield ind1=' ' ind2=' ' tag='504'>
        <subfield code='a'>Includes bibliographical references and index.</subfield>
      </datafield>
      <datafield ind1=' ' ind2='0' tag='650'>
        <subfield code='a'>Motion pictures</subfield>
        <subfield code='v'>Congresses.</subfield>
      </datafield>
      <datafield ind1=' ' ind2='0' tag='650'>
        <subfield code='a'>Literature, Modern</subfield>
        <subfield code='x'>History and criticism</subfield>
        <subfield code='v'>Congresses.</subfield>
      </datafield>
      <datafield ind1='1' ind2=' ' tag='700'>
        <subfield code='a'>Fowler, Douglas.</subfield>
      </datafield>
      <datafield ind1=' ' ind2=' ' tag='907'>
        <subfield code='a'>b2139990</subfield>
      </datafield>
      <datafield ind1='9' ind2='1' tag='999'>
        <subfield code='i'>i3089621</subfield>
        <subfield code='l'>ddda</subfield>
        <subfield code='s'>-</subfield>
        <subfield code='t'>0</subfield>
        <subfield code='c'>1</subfield>
        <subfield code='o'>0</subfield>
        <subfield code='b'>00004003777</subfield>
        <subfield code='p'>090</subfield>
        <subfield code='q'>|aPN1993.4 .F64 1985</subfield>
      </datafield>
      <datafield ind1='9' ind2='1' tag='999'>
        <subfield code='i'>i3089622</subfield>
        <subfield code='l'>ddda</subfield>
        <subfield code='s'>-</subfield>
        <subfield code='t'>0</subfield>
        <subfield code='c'>2</subfield>
        <subfield code='o'>12</subfield>
        <subfield code='b'>00005539973</subfield>
        <subfield code='p'>090</subfield>
        <subfield code='q'>|aPN1993.4 .F64 1985</subfield>
      </datafield>
  </record>