
  <record>
    <leader>00000cam a22003497a 4500</leader>
      <controlfield tag='008'>020731s2001    miu     b    f000 0 eng d</controlfield>
      <controlfield tag='001'>50274881</controlfield>
      <controlfield tag='005'>20020731113436.0</controlfield>
      <datafield ind1=' ' ind2=' ' tag='019'>
        <subfield code='a'>tmp97199632</subfield>
      </datafield>
      <datafield ind1=' ' ind2=' ' tag='027'>
        <subfield code='a'>CIERA rept. 1-011</subfield>
      </datafield>
      <datafield ind1=' ' ind2=' ' tag='035'>
        <subfield code='a'>(GPO)99099597</subfield>
      </datafield>
      <datafield ind1=' ' ind2=' ' tag='037'>
        <subfield code='a'>ED 452512</subfield>
        <subfield code='b'>ERIC</subfield>
      </datafield>
      <datafield ind1=' ' ind2=' ' tag='040'>
        <subfield code='a'>GPO</subfield>
        <subfield code='c'>GPO</subfield>
        <subfield code='d'>DLC</subfield>
        <subfield code='d'>MvI</subfield>
      </datafield>
      <datafield ind1=' ' ind2=' ' tag='074'>
        <subfield code='a'>0466-A-03 (MF)</subfield>
      </datafield>
      <datafield ind1='0' ind2=' ' tag='086'>
        <subfield code='a'>ED 1.310/2:452512</subfield>
      </datafield>
      <datafield ind1='1' ind2=' ' tag='100'>
        <subfield code='a'>Monzó, Lilia.</subfield>
      </datafield>
      <datafield ind1='1' ind2='0' tag='245'>
        <subfield code='a'>Constructing achievement orientations toward literacy</subfield>
        <subfield code='h'>[microform] :</subfield>
        <subfield code='b'>an analysis of sociocultural activity in Latino home and community contexts /</subfield>
        <subfield code='c'>Lilia Monzo, Robert Rueda.</subfield>
      </datafield>
      <datafield ind1='3' ind2='0' tag='246'>
        <subfield code='a'>Analysis of sociocultural activity in Latino home and community contexts</subfield>
      </datafield>
      <datafield ind1=' ' ind2=' ' tag='260'>
        <subfield code='a'>Ann Arbor, Mich. :</subfield>
        <subfield code='b'>Center for the Improvement of Early Reading Achievement, University of Michigan ;</subfield>
        <subfield code='a'>[Washington, DC] :</subfield>
        <subfield code='b'>U.S. Dept. of Education, Office of Educational Research and Improvement, Educational Resources Information Center,</subfield>
        <subfield code='c'>[2001]</subfield>
      </datafield>
      <datafield ind1=' ' ind2=' ' tag='300'>
        <subfield code='a'>1 v.</subfield>
      </datafield>
      <datafield ind1=' ' ind2=' ' tag='500'>
        <subfield code='a'>Shipping list no.: 2002-0203-M.</subfield>
      </datafield>
      <datafield ind1=' ' ind2=' ' tag='533'>
        <subfield code='a'>Microfiche.</subfield>
        <subfield code='b'>[Washington, D.C.] :</subfield>
        <subfield code='c'>Supt. of Docs., U.S. G.P.O.,</subfield>
        <subfield code='d'>[2001]</subfield>
        <subfield code='e'>1 microfiche.</subfield>
      </datafield>
      <datafield ind1=' ' ind2='0' tag='650'>
        <subfield code='a'>Hispanic American families</subfield>
        <subfield code='x'>Education.</subfield>
      </datafield>
      <datafield ind1=' ' ind2='0' tag='650'>
        <subfield code='a'>Community and school.</subfield>
      </datafield>
      <datafield ind1='1' ind2=' ' tag='700'>
        <subfield code='a'>Rueda, Robert.</subfield>
      </datafield>
      <datafield ind1='2' ind2=' ' tag='710'>
        <subfield code='a'>Educational Resources Information Center (U.S.)</subfield>
      </datafield>
      <datafield ind1=' ' ind2=' ' tag='907'>
        <subfield code='a'>b4114834</subfield>
      </datafield>
      <datafield ind1='9' ind2='1' tag='999'>
        <subfield code='i'>i5650985</subfield>
        <subfield code='l'>dcpf</subfield>
        <subfield code='s'>-</subfield>
        <subfield code='t'>20</subfield>
        <subfield code='c'>1</subfield>
        <subfield code='o'>0</subfield>
        <subfield code='b'>HBFQ-2519-00001</subfield>
        <subfield code='p'>086</subfield>
        <subfield code='q'>|aED 1.310/2:452512</subfield>
      </datafield>
  </record>