
  <record>
    <leader>00000cam  2200241Ia 4500</leader>
      <controlfield tag='008'>910218s1990    fr       b    000 0 fre d</controlfield>
      <controlfield tag='001'>22703285</controlfield>
      <controlfield tag='005'>19910218000000.0</controlfield>
      <datafield ind1=' ' ind2=' ' tag='020'>
        <subfield code='a'>2701012104</subfield>
      </datafield>
      <datafield ind1=' ' ind2=' ' tag='040'>
        <subfield code='a'>NDD</subfield>
        <subfield code='c'>NDD</subfield>
        <subfield code='d'>PIT</subfield>
        <subfield code='d'>NOC</subfield>
      </datafield>
      <datafield ind1='1' ind2=' ' tag='100'>
        <subfield code='a'>Hermet, Joseph,</subfield>
        <subfield code='d'>1924-</subfield>
      </datafield>
      <datafield ind1='1' ind2='0' tag='245'>
        <subfield code='a'>A la rencontre d&apos;Albert Camus :</subfield>
        <subfield code='b'>le dur chemin de la liberté /</subfield>
        <subfield code='c'>par Joseph Hermet.</subfield>
      </datafield>
      <datafield ind1=' ' ind2=' ' tag='260'>
        <subfield code='a'>Paris :</subfield>
        <subfield code='b'>Beauchesne,</subfield>
        <subfield code='c'>c1990.</subfield>
      </datafield>
      <datafield ind1=' ' ind2=' ' tag='300'>
        <subfield code='a'>219 p. ;</subfield>
        <subfield code='c'>22 cm.</subfield>
      </datafield>
      <datafield ind1=' ' ind2=' ' tag='504'>
        <subfield code='a'>Includes bibliographical references (p. [215]-219)</subfield>
      </datafield>
      <datafield ind1='1' ind2='0' tag='600'>
        <subfield code='a'>Camus, Albert,</subfield>
        <subfield code='d'>1913-1960</subfield>
        <subfield code='x'>Criticism and interpretation.</subfield>
      </datafield>
      <datafield ind1='1' ind2='0' tag='600'>
        <subfield code='a'>Camus, Albert,</subfield>
        <subfield code='d'>1913-1960</subfield>
        <subfield code='x'>Political and social views.</subfield>
      </datafield>
      <datafield ind1=' ' ind2='0' tag='830'>
        <subfield code='a'>Beauchesne Essais.</subfield>
      </datafield>
      <datafield ind1=' ' ind2=' ' tag='907'>
        <subfield code='a'>b2371445</subfield>
      </datafield>
      <datafield ind1='9' ind2='1' tag='999'>
        <subfield code='i'>i3408722</subfield>
        <subfield code='l'>ddda</subfield>
        <subfield code='s'>-</subfield>
        <subfield code='t'>0</subfield>
        <subfield code='c'>1</subfield>
        <subfield code='o'>0</subfield>
        <subfield code='b'>00004996589</subfield>
        <subfield code='p'>090</subfield>
        <subfield code='q'>|aB2430.C354 H44 1990</subfield>
      </datafield>
  </record>