
  <record>
    <leader>00000cas  2200469 a 4500</leader>
      <controlfield tag='006'>m        d f</controlfield>
      <controlfield tag='008'>030523d1993200udcuqr pss    f0    0eng c</controlfield>
      <controlfield tag='007'>cr cnu||||||||</controlfield>
      <controlfield tag='001'>52304870</controlfield>
      <controlfield tag='003'>OCoLC</controlfield>
      <controlfield tag='005'>20070404104534.0</controlfield>
      <datafield ind1=' ' ind2=' ' tag='010'>
        <subfield code='a'>2003230753</subfield>
      </datafield>
      <datafield ind1=' ' ind2=' ' tag='035'>
        <subfield code='a'>(OCoLC)52304870</subfield>
      </datafield>
      <datafield ind1=' ' ind2=' ' tag='037'>
        <subfield code='b'>Paper version available from: Pan American Institute of Highways, Federal Highway Administration, 400 Seventh St., SW, Rm. 3258, Washington, DC 20590</subfield>
      </datafield>
      <datafield ind1=' ' ind2=' ' tag='040'>
        <subfield code='a'>GPO</subfield>
        <subfield code='c'>GPO</subfield>
        <subfield code='d'>OCLCQ</subfield>
        <subfield code='d'>IUL</subfield>
        <subfield code='d'>GPO</subfield>
        <subfield code='d'>MvI</subfield>
      </datafield>
      <datafield ind1='0' ind2=' ' tag='041'>
        <subfield code='a'>eng</subfield>
        <subfield code='a'>spa</subfield>
      </datafield>
      <datafield ind1=' ' ind2=' ' tag='042'>
        <subfield code='a'>lcd</subfield>
      </datafield>
      <datafield ind1=' ' ind2=' ' tag='043'>
        <subfield code='a'>n------</subfield>
        <subfield code='a'>s------</subfield>
      </datafield>
      <datafield ind1=' ' ind2=' ' tag='074'>
        <subfield code='a'>0982-G-56 (online)</subfield>
      </datafield>
      <datafield ind1='0' ind2=' ' tag='086'>
        <subfield code='a'>TD 2.30/15-2:</subfield>
      </datafield>
      <datafield ind1='0' ind2=' ' tag='086'>
        <subfield code='a'>TD 2.30/5:</subfield>
      </datafield>
      <datafield ind1='0' ind2=' ' tag='130'>
        <subfield code='a'>Caminos (McLean, Va. : Online)</subfield>
      </datafield>
      <datafield ind1='1' ind2='0' tag='245'>
        <subfield code='a'>Caminos</subfield>
        <subfield code='h'>[electronic resource].</subfield>
      </datafield>
      <datafield ind1=' ' ind2=' ' tag='260'>
        <subfield code='a'>Washington, D.C. :</subfield>
        <subfield code='b'>Pan American Institute of Highways, Federal Highway Administration</subfield>
      </datafield>
      <datafield ind1=' ' ind2=' ' tag='300'>
        <subfield code='a'>v. :</subfield>
        <subfield code='b'>digital, PDF file.</subfield>
      </datafield>
      <datafield ind1=' ' ind2=' ' tag='310'>
        <subfield code='a'>Quarterly</subfield>
      </datafield>
      <datafield ind1='1' ind2=' ' tag='362'>
        <subfield code='a'>Print began with 1st quarter 1993; ceased publication.</subfield>
      </datafield>
      <datafield ind1=' ' ind2=' ' tag='500'>
        <subfield code='a'>Description based on: Second quarter 1999; title from title screen (viewed Mar. 27, 2003).</subfield>
      </datafield>
      <datafield ind1=' ' ind2=' ' tag='500'>
        <subfield code='a'>&quot;FHWA-PL-&quot;, &lt;1998-&gt;.</subfield>
      </datafield>
      <datafield ind1=' ' ind2=' ' tag='530'>
        <subfield code='a'>Also issued in print.</subfield>
      </datafield>
      <datafield ind1=' ' ind2=' ' tag='538'>
        <subfield code='a'>Mode of access: Internet at the Pan American Institute of Highways web site. Address as of 10/27/04: http://www.pih-ipc.org/en/documents/documentsi̲ndex.htm; current access available via PURL.</subfield>
      </datafield>
      <datafield ind1=' ' ind2=' ' tag='546'>
        <subfield code='a'>Text in English and Spanish with Spanish text on inverted pages.</subfield>
      </datafield>
      <datafield ind1=' ' ind2=' ' tag='580'>
        <subfield code='a'>Continues microfiche version.</subfield>
      </datafield>
      <datafield ind1=' ' ind2='0' tag='650'>
        <subfield code='a'>Highway engineering</subfield>
        <subfield code='v'>Periodicals.</subfield>
      </datafield>
      <datafield ind1=' ' ind2='0' tag='650'>
        <subfield code='a'>Technology transfer</subfield>
        <subfield code='v'>Periodicals.</subfield>
      </datafield>
      <datafield ind1='2' ind2=' ' tag='710'>
        <subfield code='a'>Pan American Institute of Highways.</subfield>
      </datafield>
      <datafield ind1='1' ind2=' ' tag='710'>
        <subfield code='a'>United States.</subfield>
        <subfield code='b'>Federal Highway Administration.</subfield>
      </datafield>
      <datafield ind1='1' ind2=' ' tag='776'>
        <subfield code='t'>Caminos (McLean, Va.)</subfield>
        <subfield code='w'>(DLC) 2003230754</subfield>
        <subfield code='w'>(OCoLC)28729189</subfield>
      </datafield>
      <datafield ind1='1' ind2='0' tag='780'>
        <subfield code='t'>Caminos (McLean, Va.)</subfield>
        <subfield code='w'>(DLC)sn 95027699</subfield>
        <subfield code='w'>(OCoLC)33060034</subfield>
      </datafield>
      <datafield ind1='4' ind2='0' tag='856'>
        <subfield code='u'>http://purl.access.gpo.gov/GPO/LPS23258</subfield>
      </datafield>
      <datafield ind1=' ' ind2=' ' tag='919'>
        <subfield code='a'>dwsgpo</subfield>
      </datafield>
      <datafield ind1=' ' ind2=' ' tag='907'>
        <subfield code='a'>b4291953</subfield>
      </datafield>
  </record>