
  <record>
    <leader>00000cam  2200181I  4500</leader>
      <controlfield tag='008'>911104s1949    nyu      b    001 0 eng d</controlfield>
      <controlfield tag='001'>271933</controlfield>
      <controlfield tag='005'>19911104000000.0</controlfield>
      <datafield ind1=' ' ind2=' ' tag='040'>
        <subfield code='a'>PCJ</subfield>
        <subfield code='c'>PCJ</subfield>
        <subfield code='d'>UMC</subfield>
      </datafield>
      <datafield ind1='1' ind2=' ' tag='100'>
        <subfield code='a'>Ross, Julian L.</subfield>
      </datafield>
      <datafield ind1='1' ind2='0' tag='245'>
        <subfield code='a'>Philosophy in literature,</subfield>
        <subfield code='c'>by Julian L. Ross.</subfield>
      </datafield>
      <datafield ind1=' ' ind2=' ' tag='260'>
        <subfield code='a'>Syracuse, New York,</subfield>
        <subfield code='b'>Syracuse University Press</subfield>
        <subfield code='c'>[c1949]</subfield>
      </datafield>
      <datafield ind1=' ' ind2=' ' tag='300'>
        <subfield code='a'>xi, 286 p.</subfield>
        <subfield code='c'>22 cm.</subfield>
      </datafield>
      <datafield ind1=' ' ind2=' ' tag='500'>
        <subfield code='a'>Includes index.</subfield>
      </datafield>
      <datafield ind1=' ' ind2=' ' tag='504'>
        <subfield code='a'>Bibliography: p. 277-282.</subfield>
      </datafield>
      <datafield ind1=' ' ind2='0' tag='650'>
        <subfield code='a'>Philosophy.</subfield>
      </datafield>
      <datafield ind1=' ' ind2='0' tag='650'>
        <subfield code='a'>Knowledge, Theory of.</subfield>
      </datafield>
      <datafield ind1=' ' ind2=' ' tag='907'>
        <subfield code='a'>b1071707</subfield>
      </datafield>
      <datafield ind1='9' ind2='1' tag='999'>
        <subfield code='i'>i1124854</subfield>
        <subfield code='l'>trln</subfield>
        <subfield code='s'>-</subfield>
        <subfield code='t'>0</subfield>
        <subfield code='c'>2</subfield>
        <subfield code='o'>0</subfield>
        <subfield code='b'>00008758999</subfield>
        <subfield code='p'>090</subfield>
        <subfield code='q'>|aPN49 .R7</subfield>
      </datafield>
  </record>