
  <record>
    <leader>00000cam  2200289 a 4500</leader>
      <controlfield tag='008'>860326s1983    gw       b    000 0 ger  </controlfield>
      <controlfield tag='001'>12666989</controlfield>
      <controlfield tag='005'>19860326000000.0</controlfield>
      <datafield ind1=' ' ind2=' ' tag='010'>
        <subfield code='a'>83243113</subfield>
      </datafield>
      <datafield ind1=' ' ind2=' ' tag='020'>
        <subfield code='a'>3878089155 :</subfield>
        <subfield code='c'>DM17.80</subfield>
      </datafield>
      <datafield ind1=' ' ind2=' ' tag='040'>
        <subfield code='a'>DLC</subfield>
        <subfield code='c'>DLC</subfield>
        <subfield code='d'>NOC</subfield>
      </datafield>
      <datafield ind1='0' ind2=' ' tag='041'>
        <subfield code='a'>gereng</subfield>
      </datafield>
      <datafield ind1='0' ind2=' ' tag='082'>
        <subfield code='a'>791.43/72</subfield>
        <subfield code='2'>19</subfield>
      </datafield>
      <datafield ind1='0' ind2='0' tag='245'>
        <subfield code='a'>&quot;She wore a yellow ribbon&quot; =</subfield>
        <subfield code='b'>&quot;Der Teufelshauptmann&quot; /</subfield>
        <subfield code='c'>John Ford, transcript von Bernhard von Dadelsen.</subfield>
      </datafield>
      <datafield ind1=' ' ind2=' ' tag='260'>
        <subfield code='a'>Tübingen :</subfield>
        <subfield code='b'>G. Narr,</subfield>
        <subfield code='c'>c1983.</subfield>
      </datafield>
      <datafield ind1=' ' ind2=' ' tag='300'>
        <subfield code='a'>98 p. ;</subfield>
        <subfield code='c'>24 x 17 cm.</subfield>
      </datafield>
      <datafield ind1=' ' ind2=' ' tag='500'>
        <subfield code='a'>Contains the script of &quot;She wore a yellow ribbon&quot; in English.</subfield>
      </datafield>
      <datafield ind1=' ' ind2=' ' tag='504'>
        <subfield code='a'>Bibliography: p. 98.</subfield>
      </datafield>
      <datafield ind1='1' ind2=' ' tag='700'>
        <subfield code='a'>Ford, John,</subfield>
        <subfield code='d'>1894-1973.</subfield>
      </datafield>
      <datafield ind1='1' ind2=' ' tag='700'>
        <subfield code='a'>Dadelsen, Bernhard von.</subfield>
      </datafield>
      <datafield ind1='0' ind2=' ' tag='730'>
        <subfield code='a'>&quot;She wore a yellow ribbon.&quot;</subfield>
      </datafield>
      <datafield ind1='5' ind2=' ' tag='740'>
        <subfield code='a'>&quot;Der Teufelshauptmann.&quot;</subfield>
      </datafield>
      <datafield ind1=' ' ind2='0' tag='830'>
        <subfield code='a'>Medienbibliothek.</subfield>
        <subfield code='n'>Serie A,</subfield>
        <subfield code='p'>Texte ;</subfield>
        <subfield code='v'>Bd. 11.</subfield>
      </datafield>
      <datafield ind1=' ' ind2=' ' tag='907'>
        <subfield code='a'>b2066942</subfield>
      </datafield>
      <datafield ind1='9' ind2='1' tag='999'>
        <subfield code='i'>i2985270</subfield>
        <subfield code='l'>ddda</subfield>
        <subfield code='s'>-</subfield>
        <subfield code='t'>0</subfield>
        <subfield code='c'>1</subfield>
        <subfield code='o'>1</subfield>
        <subfield code='b'>00003262114</subfield>
        <subfield code='p'>090</subfield>
        <subfield code='q'>|aPN1997 .S443 1983</subfield>
      </datafield>
  </record>