
  <record>
    <leader>00000cam a2200301 a 4500</leader>
      <controlfield tag='008'>890615s1986    mdua     s   f000 0 eng d</controlfield>
      <controlfield tag='001'>15520298</controlfield>
      <controlfield tag='005'>19900201155955.2</controlfield>
      <datafield ind1=' ' ind2=' ' tag='040'>
        <subfield code='a'>NLM</subfield>
        <subfield code='c'>NLM</subfield>
        <subfield code='d'>m/c</subfield>
        <subfield code='d'>NOH</subfield>
      </datafield>
      <datafield ind1='0' ind2=' ' tag='069'>
        <subfield code='a'>8703432</subfield>
      </datafield>
      <datafield ind1='0' ind2='0' tag='245'>
        <subfield code='a'>Cancer among blacks and other minorities :</subfield>
        <subfield code='b'>statistical profiles /</subfield>
        <subfield code='c'>Claudia R. Baquet ... [et al.].</subfield>
      </datafield>
      <datafield ind1=' ' ind2=' ' tag='260'>
        <subfield code='a'>[Bethesda, Md. ] :</subfield>
        <subfield code='b'>U.S. Dept. of Health and Human Services, Public Health Service, National Institutes of Health, National Cancer Institute,</subfield>
        <subfield code='c'>[1986]</subfield>
      </datafield>
      <datafield ind1=' ' ind2=' ' tag='300'>
        <subfield code='a'>ix, 273 p. :</subfield>
        <subfield code='b'>ill. ;</subfield>
        <subfield code='c'>28 cm.</subfield>
      </datafield>
      <datafield ind1=' ' ind2=' ' tag='500'>
        <subfield code='a'>&quot;National Cancer Institute, Division of Cancer Prevention and Control.&quot;</subfield>
      </datafield>
      <datafield ind1=' ' ind2=' ' tag='500'>
        <subfield code='a'>&quot;March 1986&quot;--Back cover.</subfield>
      </datafield>
      <datafield ind1=' ' ind2='2' tag='650'>
        <subfield code='a'>African Americans.</subfield>
      </datafield>
      <datafield ind1=' ' ind2='2' tag='650'>
        <subfield code='a'>Minority Groups.</subfield>
      </datafield>
      <datafield ind1=' ' ind2='2' tag='650'>
        <subfield code='a'>Neoplasms</subfield>
        <subfield code='x'>epidemiology.</subfield>
      </datafield>
      <datafield ind1=' ' ind2='2' tag='651'>
        <subfield code='a'>United States.</subfield>
      </datafield>
      <datafield ind1=' ' ind2='2' tag='655'>
        <subfield code='a'>Statistics.</subfield>
      </datafield>
      <datafield ind1='1' ind2=' ' tag='700'>
        <subfield code='a'>Baquet, Claudia R.</subfield>
      </datafield>
      <datafield ind1='2' ind2=' ' tag='710'>
        <subfield code='a'>National Cancer Institute (U.S.).</subfield>
        <subfield code='b'>Division of Cancer Prevention and Control.</subfield>
      </datafield>
      <datafield ind1=' ' ind2='0' tag='830'>
        <subfield code='a'>NIH publication ;</subfield>
        <subfield code='v'>no. 86-2785.</subfield>
      </datafield>
      <datafield ind1=' ' ind2=' ' tag='907'>
        <subfield code='a'>b2180412</subfield>
      </datafield>
      <datafield ind1='9' ind2='1' tag='999'>
        <subfield code='i'>i3145375</subfield>
        <subfield code='l'>nohh</subfield>
        <subfield code='s'>-</subfield>
        <subfield code='t'>0</subfield>
        <subfield code='c'>1</subfield>
        <subfield code='o'>0</subfield>
        <subfield code='b'>H00080820I</subfield>
        <subfield code='p'>096</subfield>
        <subfield code='q'>|aQZ 16|bC2145 1986</subfield>
      </datafield>
  </record>