
  <record>
    <leader>00000nam a2200361 a 4500</leader>
      <controlfield tag='006'>m        d</controlfield>
      <controlfield tag='007'>cr cn mmmanabp</controlfield>
      <controlfield tag='008'>130327s2006    cc      o     000 0 chi d</controlfield>
      <controlfield tag='001'>Apabi000277488</controlfield>
      <controlfield tag='005'>20140121114603.0</controlfield>
      <datafield ind1=' ' ind2=' ' tag='020'>
        <subfield code='a'>7561750234</subfield>
      </datafield>
      <datafield ind1=' ' ind2=' ' tag='040'>
        <subfield code='a'>NOC</subfield>
        <subfield code='c'>NOC</subfield>
      </datafield>
      <datafield ind1='1' ind2=' ' tag='100'>
        <subfield code='6'>880-01</subfield>
        <subfield code='a'>Wang, Xiaoyu.</subfield>
      </datafield>
      <datafield ind1='1' ind2='0' tag='245'>
        <subfield code='6'>880-02</subfield>
        <subfield code='a'>Tian jiao shou jia de er shi ba ge XXX</subfield>
        <subfield code='h'>[electronic resource] /</subfield>
        <subfield code='c'>Wang Xiaoyu zhu.</subfield>
      </datafield>
      <datafield ind1=' ' ind2=' ' tag='260'>
        <subfield code='6'>880-03</subfield>
        <subfield code='a'>Shanghai :</subfield>
        <subfield code='b'>Hua dong shi fan da xue chu ban she,</subfield>
        <subfield code='c'>2006.</subfield>
      </datafield>
      <datafield ind1=' ' ind2=' ' tag='300'>
        <subfield code='a'>1 online resource.</subfield>
      </datafield>
      <datafield ind1=' ' ind2=' ' tag='500'>
        <subfield code='a'>Title from title screen.</subfield>
      </datafield>
      <datafield ind1='1' ind2=' ' tag='506'>
        <subfield code='a'>Access limited to UNC Chapel Hill-authenticated users.</subfield>
        <subfield code='f'>Unlimited simultaneous users</subfield>
      </datafield>
      <datafield ind1=' ' ind2=' ' tag='538'>
        <subfield code='a'>System requirements: Apabi Reader (Freely downloadable from Apabi site).</subfield>
      </datafield>
      <datafield ind1=' ' ind2=' ' tag='588'>
        <subfield code='a'>Title from title screen.</subfield>
      </datafield>
      <datafield ind1='0' ind2=' ' tag='773'>
        <subfield code='t'>Apabi e-books (online collection). 2014</subfield>
      </datafield>
      <datafield ind1='4' ind2='0' tag='856'>
        <subfield code='u'>http://libproxy.lib.unc.edu/login?url=http://www.apabi.com/unc/pub.mvc?pid=book.detail&amp;metaid=m.20070330-m000-w005-133</subfield>
        <subfield code='x'>Apabi ebook</subfield>
        <subfield code='y'>Full text available via the UNC-Chapel Hill Libraries</subfield>
      </datafield>
      <datafield ind1='1' ind2=' ' tag='880'>
        <subfield code='6'>100-01/$1</subfield>
        <subfield code='a'>王晓玉.</subfield>
      </datafield>
      <datafield ind1='1' ind2='0' tag='880'>
        <subfield code='6'>245-02/$1</subfield>
        <subfield code='a'>田教授家的二十八个XXX</subfield>
        <subfield code='h'>[electronic resource] /</subfield>
        <subfield code='c'>王晓玉著.</subfield>
      </datafield>
      <datafield ind1=' ' ind2=' ' tag='880'>
        <subfield code='6'>260-03/$1</subfield>
        <subfield code='a'>上海 :</subfield>
        <subfield code='b'>华东师范大学出版社,</subfield>
        <subfield code='c'>2006.</subfield>
      </datafield>
      <datafield ind1='0' ind2=' ' tag='880'>
        <subfield code='6'>490-04/$1</subfield>
        <subfield code='a'>王晓玉小说自选集</subfield>
      </datafield>
      <datafield ind1=' ' ind2='1' tag='907'>
        <subfield code='a'>b7672682</subfield>
      </datafield>
  </record>