
  <record>
    <leader>00000cam  2200481 a 4500</leader>
      <controlfield tag='008'>020426s2002    dcuab        f000 0 eng c</controlfield>
      <controlfield tag='001'>49674994</controlfield>
      <controlfield tag='005'>20020516140643.0</controlfield>
      <datafield ind1=' ' ind2=' ' tag='019'>
        <subfield code='a'>tmp97301235</subfield>
      </datafield>
      <datafield ind1=' ' ind2=' ' tag='020'>
        <subfield code='a'>0160670365</subfield>
      </datafield>
      <datafield ind1=' ' ind2=' ' tag='035'>
        <subfield code='a'>(GPO)99094808</subfield>
      </datafield>
      <datafield ind1=' ' ind2=' ' tag='040'>
        <subfield code='a'>SEN</subfield>
        <subfield code='c'>SEN</subfield>
        <subfield code='d'>GPO</subfield>
        <subfield code='d'>DLC</subfield>
        <subfield code='d'>MvI</subfield>
      </datafield>
      <datafield ind1=' ' ind2=' ' tag='042'>
        <subfield code='a'>pcc</subfield>
      </datafield>
      <datafield ind1=' ' ind2=' ' tag='043'>
        <subfield code='a'>n-us---</subfield>
      </datafield>
      <datafield ind1=' ' ind2=' ' tag='074'>
        <subfield code='a'>1037-B</subfield>
      </datafield>
      <datafield ind1=' ' ind2=' ' tag='074'>
        <subfield code='a'>1037-B (online)</subfield>
      </datafield>
      <datafield ind1=' ' ind2=' ' tag='074'>
        <subfield code='a'>1037-C (MF)</subfield>
      </datafield>
      <datafield ind1=' ' ind2=' ' tag='074'>
        <subfield code='a'>1037-C (online)</subfield>
      </datafield>
      <datafield ind1='0' ind2=' ' tag='086'>
        <subfield code='a'>Y 4.G 74/9:S.HRG.107-261</subfield>
      </datafield>
      <datafield ind1='1' ind2=' ' tag='110'>
        <subfield code='a'>United States.</subfield>
        <subfield code='b'>Congress.</subfield>
        <subfield code='b'>Senate.</subfield>
        <subfield code='b'>Committee on Governmental Affairs.</subfield>
        <subfield code='b'>Permanent Subcommittee on Investigations.</subfield>
      </datafield>
      <datafield ind1='1' ind2='0' tag='245'>
        <subfield code='a'>Review of INS policy releasing illegal aliens pending deportation :</subfield>
        <subfield code='b'>hearing before the Permanent Subcommittee on Investigations of the Committee on the Governmental Affairs, United States Senate, One Hundred Seventh Congress, first session, November 13, 2001.</subfield>
      </datafield>
      <datafield ind1='3' ind2=' ' tag='246'>
        <subfield code='a'>Review of Immigration and Naturalization Service policy releasing illegal aliens pending deportation</subfield>
      </datafield>
      <datafield ind1=' ' ind2=' ' tag='260'>
        <subfield code='a'>Washington :</subfield>
        <subfield code='b'>U.S. G.P.O. :</subfield>
        <subfield code='b'>For sale by the Supt. of Docs., U.S. G.P.O., [Congressional Sales Office],</subfield>
        <subfield code='c'>2002.</subfield>
      </datafield>
      <datafield ind1=' ' ind2=' ' tag='300'>
        <subfield code='a'>iv, 140 p. :</subfield>
        <subfield code='b'>ill., map ;</subfield>
        <subfield code='c'>24 cm.</subfield>
      </datafield>
      <datafield ind1=' ' ind2=' ' tag='500'>
        <subfield code='a'>&quot;Printed for the use of the Committee on the Governmental Affairs.&quot;</subfield>
      </datafield>
      <datafield ind1=' ' ind2=' ' tag='500'>
        <subfield code='a'>Distributed to some depository libraries in microfiche.</subfield>
      </datafield>
      <datafield ind1=' ' ind2=' ' tag='500'>
        <subfield code='a'>Shipping list no.: 2002-0163-P.</subfield>
      </datafield>
      <datafield ind1=' ' ind2=' ' tag='530'>
        <subfield code='a'>Also available via Internet from the GPO Access web site. Addresses as of 5/16/02: http://frwebgate.access.gpo.gov/cgi-bin/getdoc.cgi?dbname=107s̲enateẖearings&amp;docid=f:77437.wais (text version), http://frwebgate.access.gpo.gov/cgi-bin/getdoc.cgi?dbname=107s̲enateẖearings&amp;docid=f:77437.pdf (PDF version); current access is available via PURLS.</subfield>
      </datafield>
      <datafield ind1='1' ind2='0' tag='610'>
        <subfield code='a'>United States.</subfield>
        <subfield code='b'>Immigration and Naturalization Service.</subfield>
      </datafield>
      <datafield ind1='2' ind2='0' tag='610'>
        <subfield code='a'>U.S. Border Patrol.</subfield>
      </datafield>
      <datafield ind1=' ' ind2='0' tag='650'>
        <subfield code='a'>Illegal aliens</subfield>
        <subfield code='x'>Government policy</subfield>
        <subfield code='z'>United States.</subfield>
      </datafield>
      <datafield ind1=' ' ind2='0' tag='650'>
        <subfield code='a'>Deportation</subfield>
        <subfield code='z'>United States.</subfield>
      </datafield>
      <datafield ind1=' ' ind2='0' tag='651'>
        <subfield code='a'>United States</subfield>
        <subfield code='x'>Emigration and immigration</subfield>
        <subfield code='x'>Government policy.</subfield>
      </datafield>
      <datafield ind1='1' ind2=' ' tag='810'>
        <subfield code='a'>United States.</subfield>
        <subfield code='b'>Congress.</subfield>
        <subfield code='b'>Senate.</subfield>
        <subfield code='t'>S. hrg. ;</subfield>
        <subfield code='v'>107-261.</subfield>
      </datafield>
      <datafield ind1='4' ind2='1' tag='856'>
        <subfield code='3'>Text version:</subfield>
        <subfield code='u'>http://purl.access.gpo.gov/GPO/LPS19166</subfield>
      </datafield>
      <datafield ind1='4' ind2='1' tag='856'>
        <subfield code='3'>PDF version:</subfield>
        <subfield code='u'>http://purl.access.gpo.gov/GPO/LPS19167</subfield>
      </datafield>
      <datafield ind1=' ' ind2=' ' tag='907'>
        <subfield code='a'>b4146124</subfield>
      </datafield>
      <datafield ind1='9' ind2='1' tag='999'>
        <subfield code='i'>i5686312</subfield>
        <subfield code='l'>dcpf</subfield>
        <subfield code='s'>-</subfield>
        <subfield code='t'>20</subfield>
        <subfield code='c'>1</subfield>
        <subfield code='o'>0</subfield>
        <subfield code='b'>00020321527</subfield>
        <subfield code='p'>086</subfield>
        <subfield code='q'>|aY 4.G 74/9:S.HRG.107-261</subfield>
      </datafield>
      <datafield ind1='9' ind2='1' tag='999'>
        <subfield code='i'>i5686314</subfield>
        <subfield code='l'>dcpf</subfield>
        <subfield code='s'>-</subfield>
        <subfield code='t'>20</subfield>
        <subfield code='c'>1</subfield>
        <subfield code='o'>0</subfield>
        <subfield code='b'>HBGB-1845-00001</subfield>
        <subfield code='p'>086</subfield>
        <subfield code='q'>|aY 4.G 74/9:S.HRG.107-261</subfield>
      </datafield>
      <datafield ind1='9' ind2='1' tag='999'>
        <subfield code='i'>i5686313</subfield>
        <subfield code='l'>kdfc</subfield>
        <subfield code='s'>o</subfield>
        <subfield code='t'>27</subfield>
        <subfield code='c'>1</subfield>
        <subfield code='o'>0</subfield>
        <subfield code='b'>HBGB-2283-00001</subfield>
        <subfield code='p'>086</subfield>
        <subfield code='q'>|aY 4.G 74/9:S.HRG.107-261</subfield>
      </datafield>
  </record>