
  <record>
    <leader>00000cam a2200229 a 4500</leader>
      <controlfield tag='008'>870526s1980    ru       b    000 0 ruso </controlfield>
      <controlfield tag='001'>8858778</controlfield>
      <controlfield tag='005'>19870526000000.0</controlfield>
      <datafield ind1=' ' ind2=' ' tag='010'>
        <subfield code='a'>81134394</subfield>
      </datafield>
      <datafield ind1=' ' ind2=' ' tag='040'>
        <subfield code='a'>DLC</subfield>
        <subfield code='c'>DLC</subfield>
        <subfield code='d'>m/c</subfield>
        <subfield code='d'>NOC</subfield>
      </datafield>
      <datafield ind1='1' ind2=' ' tag='100'>
        <subfield code='a'>Ledi͡aeva, S. D.</subfield>
        <subfield code='q'>(Serafima Danilovna)</subfield>
      </datafield>
      <datafield ind1='1' ind2='0' tag='245'>
        <subfield code='a'>Ocherk po istoricheskoĭ leksikologii russkogo ︠i︡azyka /</subfield>
        <subfield code='c'>S.D. Led︠i︡aeva.</subfield>
      </datafield>
      <datafield ind1=' ' ind2=' ' tag='260'>
        <subfield code='a'>Kishinev :</subfield>
        <subfield code='b'>&quot;Shtiin︠t︡sa&quot;,</subfield>
        <subfield code='c'>1980.</subfield>
      </datafield>
      <datafield ind1=' ' ind2=' ' tag='300'>
        <subfield code='a'>109, [3] p. ;</subfield>
        <subfield code='c'>21 cm.</subfield>
      </datafield>
      <datafield ind1=' ' ind2=' ' tag='500'>
        <subfield code='a'>At head of title: Ministerstvo vysshego i srednego spe︠t︡sialʹnogo obrazovani︠i︡a Moldavskoĭ SSR. Kishinevskiĭ gosudarstvennyĭ pedagogicheskiĭ institut im. I. Kr︠i︡angė.</subfield>
      </datafield>
      <datafield ind1=' ' ind2=' ' tag='504'>
        <subfield code='a'>Bibliography: p. 103-[110]</subfield>
      </datafield>
      <datafield ind1=' ' ind2='0' tag='650'>
        <subfield code='a'>Russian language</subfield>
        <subfield code='x'>Lexicology.</subfield>
      </datafield>
      <datafield ind1=' ' ind2='0' tag='650'>
        <subfield code='a'>Russian language</subfield>
        <subfield code='x'>Grammar, Historical.</subfield>
      </datafield>
      <datafield ind1=' ' ind2=' ' tag='907'>
        <subfield code='a'>b1852436</subfield>
      </datafield>
      <datafield ind1='9' ind2='1' tag='999'>
        <subfield code='i'>i2678087</subfield>
        <subfield code='l'>trln</subfield>
        <subfield code='s'>-</subfield>
        <subfield code='t'>0</subfield>
        <subfield code='c'>1</subfield>
        <subfield code='o'>0</subfield>
        <subfield code='b'>00003974140</subfield>
        <subfield code='p'>090</subfield>
        <subfield code='q'>|aPG2567 .L43 1980</subfield>
      </datafield>
  </record>