
  <record>
    <leader>00000cam  2200217Ia 4500</leader>
      <controlfield tag='008'>930506s1992    enkab         000 0 eng d</controlfield>
      <controlfield tag='001'>27195143</controlfield>
      <controlfield tag='005'>19930506000000.0</controlfield>
      <datafield ind1=' ' ind2=' ' tag='020'>
        <subfield code='a'>0112500749</subfield>
      </datafield>
      <datafield ind1=' ' ind2=' ' tag='040'>
        <subfield code='a'>EUN</subfield>
        <subfield code='c'>EUN</subfield>
        <subfield code='d'>VXG</subfield>
        <subfield code='d'>NOC</subfield>
      </datafield>
      <datafield ind1='1' ind2=' ' tag='100'>
        <subfield code='a'>Cunningham, Susan M.</subfield>
      </datafield>
      <datafield ind1='1' ind2='0' tag='245'>
        <subfield code='a'>Out of the Amazon /</subfield>
        <subfield code='c'>photographs of the Brazilian rainforest by Sue Cunningham ; with text by Ghillean T. Prance.</subfield>
      </datafield>
      <datafield ind1=' ' ind2=' ' tag='260'>
        <subfield code='a'>London :</subfield>
        <subfield code='b'>HMSO,</subfield>
        <subfield code='c'>1992.</subfield>
      </datafield>
      <datafield ind1=' ' ind2=' ' tag='300'>
        <subfield code='a'>121 p. :</subfield>
        <subfield code='b'>chiefly col. ill., map ;</subfield>
        <subfield code='c'>29 cm.</subfield>
      </datafield>
      <datafield ind1=' ' ind2=' ' tag='500'>
        <subfield code='a'>At head of title: Royal Botanic Gardens, Kew.</subfield>
      </datafield>
      <datafield ind1=' ' ind2=' ' tag='500'>
        <subfield code='a'>Color illustration on end papers.</subfield>
      </datafield>
      <datafield ind1=' ' ind2='0' tag='650'>
        <subfield code='a'>Rain forest ecology</subfield>
        <subfield code='z'>Amazon River Region.</subfield>
      </datafield>
      <datafield ind1=' ' ind2='0' tag='650'>
        <subfield code='a'>Rain forests</subfield>
        <subfield code='z'>Amazon River Region</subfield>
        <subfield code='v'>Pictorial works.</subfield>
      </datafield>
      <datafield ind1='1' ind2=' ' tag='700'>
        <subfield code='a'>Prance, Ghillean T.,</subfield>
        <subfield code='d'>1937-</subfield>
      </datafield>
      <datafield ind1='2' ind2=' ' tag='710'>
        <subfield code='a'>Royal Botanic Gardens, Kew.</subfield>
      </datafield>
      <datafield ind1=' ' ind2=' ' tag='907'>
        <subfield code='a'>b2454379</subfield>
      </datafield>
      <datafield ind1='9' ind2='1' tag='999'>
        <subfield code='i'>i3521538</subfield>
        <subfield code='l'>ddda</subfield>
        <subfield code='s'>-</subfield>
        <subfield code='t'>0</subfield>
        <subfield code='c'>1</subfield>
        <subfield code='o'>16</subfield>
        <subfield code='b'>00009282082</subfield>
        <subfield code='p'>090</subfield>
        <subfield code='q'>|aQH112 .C866 1992</subfield>
      </datafield>
  </record>