
  <record>
    <leader>00000cam  2200409 a 4500</leader>
      <controlfield tag='006'>m        d f</controlfield>
      <controlfield tag='008'>090416s2009    dcu     sb   f000 0 eng c</controlfield>
      <controlfield tag='007'>cr bn|||||||||</controlfield>
      <controlfield tag='001'>318586503</controlfield>
      <controlfield tag='003'>OCoLC</controlfield>
      <controlfield tag='005'>20100126153545.0</controlfield>
      <datafield ind1=' ' ind2=' ' tag='037'>
        <subfield code='a'>552-070-38925-3</subfield>
        <subfield code='b'>GPO</subfield>
        <subfield code='f'>paper</subfield>
      </datafield>
      <datafield ind1=' ' ind2=' ' tag='040'>
        <subfield code='a'>GPO</subfield>
        <subfield code='c'>GPO</subfield>
        <subfield code='d'>OCLCQ</subfield>
        <subfield code='d'>GPO</subfield>
        <subfield code='d'>MvI</subfield>
      </datafield>
      <datafield ind1=' ' ind2=' ' tag='042'>
        <subfield code='a'>pcc</subfield>
      </datafield>
      <datafield ind1=' ' ind2=' ' tag='043'>
        <subfield code='a'>n-us---</subfield>
      </datafield>
      <datafield ind1='1' ind2='4' tag='050'>
        <subfield code='a'>KF26</subfield>
        <subfield code='b'>.B38 2006q</subfield>
      </datafield>
      <datafield ind1=' ' ind2=' ' tag='074'>
        <subfield code='a'>1035-E (online)</subfield>
      </datafield>
      <datafield ind1='0' ind2=' ' tag='086'>
        <subfield code='a'>Y 4.B 22/3:S.HRG.109-1047</subfield>
      </datafield>
      <datafield ind1='1' ind2=' ' tag='110'>
        <subfield code='a'>United States.</subfield>
        <subfield code='b'>Congress.</subfield>
        <subfield code='b'>Senate.</subfield>
        <subfield code='b'>Committee on Banking, Housing, and Urban Affairs.</subfield>
      </datafield>
      <datafield ind1='1' ind2='0' tag='245'>
        <subfield code='a'>FASB&apos;s proposed standard on &quot;employer&apos;s accounting for defined benefit pension and other post-retirement plans&quot;</subfield>
        <subfield code='h'>[electronic resource] :</subfield>
        <subfield code='b'>hearing before the Committee on Banking, Housing, and Urban Affairs, United States Senate, One Hundred Ninth Congress, second session, on examining a Financial Accounting Standards Board (FASB) proposal that will provide enhanced transparency of corporate accounting for defined benefit pension and other post-retirement plans, June 14, 2006.</subfield>
      </datafield>
      <datafield ind1=' ' ind2=' ' tag='260'>
        <subfield code='a'>Washington :</subfield>
        <subfield code='b'>U.S. G.P.O.,</subfield>
        <subfield code='c'>2009.</subfield>
      </datafield>
      <datafield ind1=' ' ind2=' ' tag='300'>
        <subfield code='a'>iii, 56 p. :</subfield>
        <subfield code='b'>digital, PDF file.</subfield>
      </datafield>
      <datafield ind1=' ' ind2=' ' tag='500'>
        <subfield code='a'>Title from title screen (viewed on Apr. 16, 2009).</subfield>
      </datafield>
      <datafield ind1=' ' ind2=' ' tag='500'>
        <subfield code='a'>Paper version available for sale by the Supt. of Docs., U.S.G.P.O.</subfield>
      </datafield>
      <datafield ind1=' ' ind2=' ' tag='504'>
        <subfield code='a'>Includes bibliographical references.</subfield>
      </datafield>
      <datafield ind1=' ' ind2=' ' tag='538'>
        <subfield code='a'>Mode of access: Internet from the GPO Access web site. Address as of 4/16/09: http://frwebgate.access.gpo.gov/cgi-bin/getdoc.cgi?dbname=109%5Fsenate%5Fhearings&amp;docid=f:48080.pdf ; current access available via PURL.</subfield>
      </datafield>
      <datafield ind1='2' ind2='0' tag='610'>
        <subfield code='a'>Financial Accounting Standards Board</subfield>
        <subfield code='v'>Rules and practice.</subfield>
      </datafield>
      <datafield ind1=' ' ind2='0' tag='650'>
        <subfield code='a'>Defined benefit pension plans</subfield>
        <subfield code='x'>Accounting</subfield>
        <subfield code='x'>Standards</subfield>
        <subfield code='z'>United States.</subfield>
      </datafield>
      <datafield ind1=' ' ind2='0' tag='650'>
        <subfield code='a'>Postemployment benefits</subfield>
        <subfield code='x'>Accounting</subfield>
        <subfield code='x'>Standards</subfield>
        <subfield code='z'>United States.</subfield>
      </datafield>
      <datafield ind1='0' ind2='8' tag='776'>
        <subfield code='i'>Print version:</subfield>
        <subfield code='a'>United States. Congress. Senate. Committee on Banking, Housing, and Urban Affairs.</subfield>
        <subfield code='t'>FASB&apos;s proposed standard on &quot;employer&apos;s accounting for defined benefit pension and other post-retirement plans&quot;</subfield>
        <subfield code='h'>iii, 56 p.</subfield>
        <subfield code='w'>(OCoLC)318093308</subfield>
      </datafield>
      <datafield ind1='0' ind2='8' tag='776'>
        <subfield code='i'>Microfiche:</subfield>
        <subfield code='a'>United States. Congress. Senate. Committee on Banking, Housing, and Urban Affairs.</subfield>
        <subfield code='t'>FASB&apos;s proposed standard on &quot;employer&apos;s accounting for defined benefit pension and other post-retirement plans&quot;</subfield>
        <subfield code='h'>iii, 56 p.</subfield>
        <subfield code='w'>(OCoLC)501946685</subfield>
      </datafield>
      <datafield ind1='1' ind2=' ' tag='810'>
        <subfield code='a'>United States.</subfield>
        <subfield code='b'>Congress.</subfield>
        <subfield code='b'>Senate.</subfield>
        <subfield code='t'>S. hrg. ;</subfield>
        <subfield code='v'>109-1047.</subfield>
      </datafield>
      <datafield ind1='4' ind2='0' tag='856'>
        <subfield code='u'>http://purl.access.gpo.gov/GPO/LPS111415</subfield>
      </datafield>
      <datafield ind1=' ' ind2=' ' tag='919'>
        <subfield code='a'>dwsgpo</subfield>
      </datafield>
      <datafield ind1=' ' ind2=' ' tag='907'>
        <subfield code='a'>b5940327</subfield>
      </datafield>
  </record>