
  <record>
    <leader>00000cam  2200325 a 4500</leader>
      <controlfield tag='008'>120306s2013    mau      b    001 0 eng  </controlfield>
      <controlfield tag='001'>777601640</controlfield>
      <controlfield tag='003'>OCoLC</controlfield>
      <controlfield tag='005'>20121121060118.6</controlfield>
      <datafield ind1=' ' ind2=' ' tag='010'>
        <subfield code='a'>2012007779</subfield>
      </datafield>
      <datafield ind1=' ' ind2=' ' tag='020'>
        <subfield code='a'>9781429837262 (hardcover)</subfield>
      </datafield>
      <datafield ind1=' ' ind2=' ' tag='020'>
        <subfield code='a'>1429837268 (hardcover)</subfield>
      </datafield>
      <datafield ind1=' ' ind2=' ' tag='035'>
        <subfield code='a'>(OCoLC)777601640</subfield>
      </datafield>
      <datafield ind1=' ' ind2=' ' tag='040'>
        <subfield code='a'>DLC</subfield>
        <subfield code='b'>eng</subfield>
        <subfield code='c'>DLC</subfield>
        <subfield code='d'>YDX</subfield>
        <subfield code='d'>BTCTA</subfield>
        <subfield code='d'>BDX</subfield>
        <subfield code='d'>BUF</subfield>
        <subfield code='d'>OCLCO</subfield>
        <subfield code='d'>YDXCP</subfield>
        <subfield code='d'>PGC</subfield>
      </datafield>
      <datafield ind1='0' ind2='0' tag='050'>
        <subfield code='a'>PS2387</subfield>
        <subfield code='b'>.H416 2013</subfield>
      </datafield>
      <datafield ind1='0' ind2='0' tag='082'>
        <subfield code='a'>813/.3</subfield>
        <subfield code='2'>23</subfield>
      </datafield>
      <datafield ind1='0' ind2='0' tag='245'>
        <subfield code='a'>Herman Melville /</subfield>
        <subfield code='c'>editor, Eric Carl Link.</subfield>
      </datafield>
      <datafield ind1=' ' ind2=' ' tag='260'>
        <subfield code='a'>Ipswich, Mass. :</subfield>
        <subfield code='b'>Salem Press,</subfield>
        <subfield code='c'>c2013.</subfield>
      </datafield>
      <datafield ind1=' ' ind2=' ' tag='300'>
        <subfield code='a'>xii, 340 p. ;</subfield>
        <subfield code='c'>24 cm.</subfield>
      </datafield>
      <datafield ind1=' ' ind2=' ' tag='504'>
        <subfield code='a'>Includes bibliographical references and index.</subfield>
      </datafield>
      <datafield ind1='0' ind2=' ' tag='505'>
        <subfield code='a'>On Herman Melville / Eric Carl Link -- Biography of Herman Melville / Greg Conley -- Melville&apos;s America : the United States in the mid-nineteenth century / John David Miles -- The critical response to Herman Melville / John Samson -- Melville and the Transcendentalists / Clark Davis -- Transgressing the border : the complexities of colonial critique in Typee / Nicole de Fee -- At the axis of reality : Melville&apos;s aesthetic / David Dowling -- Melville and the gothic romance / Gale Temple -- The many masks of Melville&apos;s god / John Wenke -- Melville&apos;s democratic America / Shelby Crosby -- Typee of the myth of paradise / Jonathan A. Cook -- Mardi : Melville&apos;s search for narrative / Anna Krauthammer -- Moby-Dick and metaphysics / Steven Frye -- Pierre and the ambiguities of Antebellum America / Peter West -- Melville&apos;s anatomy of America belief : The Confidence-Man : His Masquerade / Peter J. Balaam -- Metrical Melville : the career of an obscure poet / Brian Yothers -- Billy Budd, Sailor : or, how to read a book / Wyn Kelley -- Resources : Chronology of Herman Melville&apos;s life ; Works by Herman Melville ; Bibliography.</subfield>
      </datafield>
      <datafield ind1='1' ind2='0' tag='600'>
        <subfield code='a'>Melville, Herman,</subfield>
        <subfield code='d'>1819-1891</subfield>
        <subfield code='x'>Criticism and interpretation.</subfield>
      </datafield>
      <datafield ind1='1' ind2=' ' tag='700'>
        <subfield code='a'>Link, Eric Carl.</subfield>
      </datafield>
      <datafield ind1=' ' ind2='0' tag='830'>
        <subfield code='a'>Critical insights.</subfield>
      </datafield>
      <datafield ind1=' ' ind2=' ' tag='907'>
        <subfield code='a'>b7281194</subfield>
      </datafield>
      <datafield ind1='9' ind2='1' tag='999'>
        <subfield code='i'>i9816985</subfield>
        <subfield code='l'>ddda</subfield>
        <subfield code='s'>-</subfield>
        <subfield code='t'>0</subfield>
        <subfield code='c'>1</subfield>
        <subfield code='o'>2</subfield>
        <subfield code='b'>00044817653</subfield>
        <subfield code='p'>050</subfield>
        <subfield code='q'>|aPS2387|b.H416 2013</subfield>
      </datafield>
  </record>