
  <record>
    <leader>00000nam a2200421 i 4500</leader>
      <controlfield tag='006'>m     o  d f</controlfield>
      <controlfield tag='007'>cr bn|||||||||</controlfield>
      <controlfield tag='008'>170406s2015    dcu     obs  f000 0 eng c</controlfield>
      <controlfield tag='001'>981760400</controlfield>
      <controlfield tag='003'>OCoLC</controlfield>
      <controlfield tag='005'>20170406084721.0</controlfield>
      <datafield ind1=' ' ind2=' ' tag='040'>
        <subfield code='a'>GPO</subfield>
        <subfield code='b'>eng</subfield>
        <subfield code='e'>rda</subfield>
        <subfield code='e'>pn</subfield>
        <subfield code='c'>GPO</subfield>
        <subfield code='d'>MvI</subfield>
      </datafield>
      <datafield ind1=' ' ind2=' ' tag='042'>
        <subfield code='a'>pcc</subfield>
      </datafield>
      <datafield ind1=' ' ind2=' ' tag='043'>
        <subfield code='a'>n-us---</subfield>
      </datafield>
      <datafield ind1=' ' ind2=' ' tag='074'>
        <subfield code='a'>0130-D-01 (online)</subfield>
      </datafield>
      <datafield ind1='0' ind2=' ' tag='086'>
        <subfield code='a'>C 59.2:F 76/4/2012/FINAL</subfield>
      </datafield>
      <datafield ind1='0' ind2='0' tag='245'>
        <subfield code='a'>Foreign direct investment in the United States, final results from the 2012 benchmark survey.</subfield>
      </datafield>
      <datafield ind1=' ' ind2='1' tag='264'>
        <subfield code='a'>[Washington, D.C.] :</subfield>
        <subfield code='b'>U.S. Department of Commerce, Economics and Statistics Administration, Bureau of Economic Analysis,</subfield>
        <subfield code='c'>2015.</subfield>
      </datafield>
      <datafield ind1=' ' ind2=' ' tag='300'>
        <subfield code='a'>1 online resource (vii, 46 pages)</subfield>
      </datafield>
      <datafield ind1=' ' ind2=' ' tag='336'>
        <subfield code='a'>text</subfield>
        <subfield code='b'>txt</subfield>
        <subfield code='2'>rdacontent</subfield>
      </datafield>
      <datafield ind1=' ' ind2=' ' tag='337'>
        <subfield code='a'>computer</subfield>
        <subfield code='b'>c</subfield>
        <subfield code='2'>rdamedia</subfield>
      </datafield>
      <datafield ind1=' ' ind2=' ' tag='338'>
        <subfield code='a'>online resource</subfield>
        <subfield code='b'>cr</subfield>
        <subfield code='2'>rdacarrier</subfield>
      </datafield>
      <datafield ind1=' ' ind2=' ' tag='500'>
        <subfield code='a'>&quot;November 2015.&quot;</subfield>
      </datafield>
      <datafield ind1=' ' ind2=' ' tag='504'>
        <subfield code='a'>Includes bibliographical references.</subfield>
      </datafield>
      <datafield ind1=' ' ind2=' ' tag='588'>
        <subfield code='a'>Description based on online resource, PDF version; title from title page (viewed Apr. 6, 2017).</subfield>
      </datafield>
      <datafield ind1=' ' ind2='0' tag='650'>
        <subfield code='a'>Corporations, Foreign</subfield>
        <subfield code='z'>United States</subfield>
        <subfield code='v'>Statistics.</subfield>
      </datafield>
      <datafield ind1=' ' ind2='0' tag='650'>
        <subfield code='a'>Investments, Foreign</subfield>
        <subfield code='z'>United States</subfield>
        <subfield code='v'>Statistics.</subfield>
      </datafield>
      <datafield ind1='1' ind2=' ' tag='710'>
        <subfield code='a'>United States.</subfield>
        <subfield code='b'>Bureau of Economic Analysis,</subfield>
        <subfield code='e'>issuing body.</subfield>
      </datafield>
      <datafield ind1='4' ind2='0' tag='856'>
        <subfield code='u'>http://purl.fdlp.gov/GPO/gpo79298</subfield>
      </datafield>
      <datafield ind1=' ' ind2=' ' tag='919'>
        <subfield code='a'>dwsgpo</subfield>
      </datafield>
      <datafield ind1=' ' ind2=' ' tag='907'>
        <subfield code='a'>b8852140</subfield>
      </datafield>
  </record>