
  <record>
    <leader>00000nam a2200373Ia 4500</leader>
      <controlfield tag='006'>m     o  d</controlfield>
      <controlfield tag='007'>cr cn||||||||a</controlfield>
      <controlfield tag='008'>050223s2005    maua    ob    001 0 eng d</controlfield>
      <controlfield tag='001'>ebr10313898</controlfield>
      <controlfield tag='003'>CaPaEBR</controlfield>
      <datafield ind1=' ' ind2=' ' tag='010'>
        <subfield code='z'>2005041174</subfield>
      </datafield>
      <datafield ind1=' ' ind2=' ' tag='020'>
        <subfield code='z'>9780674027213</subfield>
      </datafield>
      <datafield ind1=' ' ind2=' ' tag='020'>
        <subfield code='z'>0674018761 (cloth : alk. paper)</subfield>
      </datafield>
      <datafield ind1=' ' ind2=' ' tag='035'>
        <subfield code='a'>(OCoLC)464553659</subfield>
      </datafield>
      <datafield ind1=' ' ind2=' ' tag='040'>
        <subfield code='a'>CaPaEBR</subfield>
        <subfield code='c'>CaPaEBR</subfield>
      </datafield>
      <datafield ind1='1' ind2='4' tag='050'>
        <subfield code='a'>F209</subfield>
        <subfield code='b'>.B78 2005eb</subfield>
      </datafield>
      <datafield ind1='1' ind2=' ' tag='100'>
        <subfield code='a'>Brundage, W. Fitzhugh</subfield>
        <subfield code='q'>(William Fitzhugh),</subfield>
        <subfield code='d'>1959-</subfield>
      </datafield>
      <datafield ind1='1' ind2='4' tag='245'>
        <subfield code='a'>The Southern past</subfield>
        <subfield code='h'>[electronic resource] :</subfield>
        <subfield code='b'>a clash of race and memory /</subfield>
        <subfield code='c'>W. Fitzhugh Brundage.</subfield>
      </datafield>
      <datafield ind1=' ' ind2=' ' tag='260'>
        <subfield code='a'>Cambridge, MA :</subfield>
        <subfield code='b'>Belknap Press of Harvard University Press,</subfield>
        <subfield code='c'>2005.</subfield>
      </datafield>
      <datafield ind1=' ' ind2=' ' tag='300'>
        <subfield code='a'>1 online resource (xiii, 418 p.) :</subfield>
        <subfield code='b'>ill.</subfield>
      </datafield>
      <datafield ind1=' ' ind2=' ' tag='504'>
        <subfield code='a'>Includes bibliographical references (p. [345]-405) and index.</subfield>
      </datafield>
      <datafield ind1='1' ind2=' ' tag='506'>
        <subfield code='a'>Access limited to UNC Chapel Hill-authenticated users.</subfield>
        <subfield code='f'>Unlimited simultaneous users</subfield>
      </datafield>
      <datafield ind1=' ' ind2='0' tag='650'>
        <subfield code='a'>Memory</subfield>
        <subfield code='x'>Social aspects</subfield>
        <subfield code='z'>Southern States.</subfield>
      </datafield>
      <datafield ind1=' ' ind2='0' tag='650'>
        <subfield code='a'>Group identity</subfield>
        <subfield code='z'>Southern States.</subfield>
      </datafield>
      <datafield ind1=' ' ind2='0' tag='651'>
        <subfield code='a'>Southern States</subfield>
        <subfield code='x'>Civilization.</subfield>
      </datafield>
      <datafield ind1=' ' ind2='0' tag='651'>
        <subfield code='a'>Southern States</subfield>
        <subfield code='x'>History.</subfield>
      </datafield>
      <datafield ind1=' ' ind2='0' tag='651'>
        <subfield code='a'>Southern States</subfield>
        <subfield code='x'>Race relations.</subfield>
      </datafield>
      <datafield ind1='0' ind2=' ' tag='773'>
        <subfield code='t'>Ebrary academic complete (online collection)</subfield>
      </datafield>
      <datafield ind1='4' ind2='0' tag='856'>
        <subfield code='y'>Full text available via the UNC-Chapel Hill Libraries</subfield>
        <subfield code='u'>http://libproxy.lib.unc.edu/login?url=http://site.ebrary.com/lib/uncch/Doc?id=10313898</subfield>
      </datafield>
      <datafield ind1=' ' ind2=' ' tag='907'>
        <subfield code='a'>b8050633</subfield>
      </datafield>
  </record>