
  <record>
    <leader>00000cam a22004697i 4500</leader>
      <controlfield tag='008'>150902s2016    ii            000 f eng d</controlfield>
      <controlfield tag='001'>932052398</controlfield>
      <controlfield tag='003'>OCoLC</controlfield>
      <controlfield tag='005'>20161222125054.0</controlfield>
      <datafield ind1=' ' ind2=' ' tag='010'>
        <subfield code='a'>2015357444</subfield>
      </datafield>
      <datafield ind1=' ' ind2=' ' tag='020'>
        <subfield code='a'>9789350502488 (HB)</subfield>
      </datafield>
      <datafield ind1=' ' ind2=' ' tag='020'>
        <subfield code='a'>9350502488 (HB)</subfield>
      </datafield>
      <datafield ind1=' ' ind2=' ' tag='020'>
        <subfield code='a'>9789350502549 (PB)</subfield>
      </datafield>
      <datafield ind1=' ' ind2=' ' tag='020'>
        <subfield code='a'>9350502542 (PB)</subfield>
      </datafield>
      <datafield ind1=' ' ind2=' ' tag='025'>
        <subfield code='a'>I-E-2015357444; 25</subfield>
      </datafield>
      <datafield ind1=' ' ind2=' ' tag='035'>
        <subfield code='a'>(OCoLC)932052398</subfield>
      </datafield>
      <datafield ind1=' ' ind2=' ' tag='037'>
        <subfield code='b'>Library of Congress -- New Delhi Overseas Office</subfield>
      </datafield>
      <datafield ind1=' ' ind2=' ' tag='037'>
        <subfield code='b'>Library of Congress -- New Delhi Overseas Office</subfield>
      </datafield>
      <datafield ind1=' ' ind2=' ' tag='040'>
        <subfield code='a'>DKAGE</subfield>
        <subfield code='b'>eng</subfield>
        <subfield code='e'>rda</subfield>
        <subfield code='c'>DKAGE</subfield>
        <subfield code='d'>DLC</subfield>
        <subfield code='d'>OCLCF</subfield>
        <subfield code='d'>NOC</subfield>
      </datafield>
      <datafield ind1='1' ind2=' ' tag='041'>
        <subfield code='a'>eng</subfield>
        <subfield code='h'>asm</subfield>
      </datafield>
      <datafield ind1=' ' ind2=' ' tag='042'>
        <subfield code='a'>lccopycat</subfield>
        <subfield code='a'>lcode</subfield>
      </datafield>
      <datafield ind1=' ' ind2=' ' tag='049'>
        <subfield code='a'>NOCC</subfield>
      </datafield>
      <datafield ind1=' ' ind2='4' tag='050'>
        <subfield code='a'>PK1569.M36</subfield>
        <subfield code='b'>M36 2016</subfield>
      </datafield>
      <datafield ind1='0' ind2='4' tag='082'>
        <subfield code='a'>891.4513</subfield>
        <subfield code='2'>23</subfield>
      </datafield>
      <datafield ind1='0' ind2=' ' tag='100'>
        <subfield code='a'>Mālinī,</subfield>
        <subfield code='e'>author.</subfield>
      </datafield>
      <datafield ind1='1' ind2='0' tag='245'>
        <subfield code='a'>Mandodari :</subfield>
        <subfield code='b'>a mythological novel on the life of a Mandodari, wife of Ravana /</subfield>
        <subfield code='c'>by Dr Malinee ; translated by Satyabrata Saikia.</subfield>
      </datafield>
      <datafield ind1=' ' ind2='1' tag='264'>
        <subfield code='a'>Delhi :</subfield>
        <subfield code='b'>B.R. Publishing Corporation,</subfield>
        <subfield code='c'>2016.</subfield>
      </datafield>
      <datafield ind1=' ' ind2=' ' tag='300'>
        <subfield code='a'>vi, 192 pages ;</subfield>
        <subfield code='c'>24 cm</subfield>
      </datafield>
      <datafield ind1=' ' ind2=' ' tag='336'>
        <subfield code='a'>text</subfield>
        <subfield code='b'>txt</subfield>
        <subfield code='2'>rdacontent</subfield>
      </datafield>
      <datafield ind1=' ' ind2=' ' tag='337'>
        <subfield code='a'>unmediated</subfield>
        <subfield code='b'>n</subfield>
        <subfield code='2'>rdamedia</subfield>
      </datafield>
      <datafield ind1=' ' ind2=' ' tag='338'>
        <subfield code='a'>volume</subfield>
        <subfield code='b'>nc</subfield>
        <subfield code='2'>rdacarrier</subfield>
      </datafield>
      <datafield ind1=' ' ind2=' ' tag='500'>
        <subfield code='a'>Translated from Assamese.</subfield>
      </datafield>
      <datafield ind1=' ' ind2='0' tag='650'>
        <subfield code='a'>Mandodarī (Hindu mythology)</subfield>
        <subfield code='v'>Fiction.</subfield>
      </datafield>
      <datafield ind1=' ' ind2='7' tag='650'>
        <subfield code='a'>Mandodarī (Hindu mythology)</subfield>
        <subfield code='2'>fast</subfield>
        <subfield code='0'>(OCoLC)fst01007518</subfield>
      </datafield>
      <datafield ind1=' ' ind2='7' tag='655'>
        <subfield code='a'>Fiction.</subfield>
        <subfield code='2'>fast</subfield>
        <subfield code='0'>(OCoLC)fst01423787</subfield>
      </datafield>
      <datafield ind1='1' ind2=' ' tag='700'>
        <subfield code='a'>Saikia, Satyabrata,</subfield>
        <subfield code='e'>translator.</subfield>
      </datafield>
      <datafield ind1=' ' ind2=' ' tag='907'>
        <subfield code='a'>b8693938</subfield>
      </datafield>
      <datafield ind1='9' ind2='1' tag='999'>
        <subfield code='i'>i11220166</subfield>
        <subfield code='l'>ddda</subfield>
        <subfield code='s'>-</subfield>
        <subfield code='t'>0</subfield>
        <subfield code='c'>1</subfield>
        <subfield code='o'>1</subfield>
        <subfield code='b'>00050678612</subfield>
        <subfield code='p'>050</subfield>
        <subfield code='q'>|aPK1569.M36|bM36 2016</subfield>
      </datafield>
  </record>