
  <record>
    <leader>00000pam a2200553 i 4500</leader>
      <controlfield tag='008'>150331t20152015enka     b    001 0 eng  </controlfield>
      <controlfield tag='001'>907060893</controlfield>
      <controlfield tag='003'>OCoLC</controlfield>
      <controlfield tag='005'>20150908160329.2</controlfield>
      <datafield ind1=' ' ind2=' ' tag='010'>
        <subfield code='a'>2015012943</subfield>
      </datafield>
      <datafield ind1=' ' ind2=' ' tag='020'>
        <subfield code='a'>9781137450982</subfield>
        <subfield code='q'>hardcover</subfield>
      </datafield>
      <datafield ind1=' ' ind2=' ' tag='020'>
        <subfield code='a'>1137450983</subfield>
        <subfield code='q'>hardcover</subfield>
      </datafield>
      <datafield ind1=' ' ind2=' ' tag='035'>
        <subfield code='a'>(OCoLC)907060893</subfield>
      </datafield>
      <datafield ind1=' ' ind2=' ' tag='040'>
        <subfield code='a'>DLC</subfield>
        <subfield code='b'>eng</subfield>
        <subfield code='e'>rda</subfield>
        <subfield code='c'>DLC</subfield>
        <subfield code='d'>OCLCO</subfield>
        <subfield code='d'>BDX</subfield>
        <subfield code='d'>BTCTA</subfield>
        <subfield code='d'>OCLCF</subfield>
        <subfield code='d'>YDXCP</subfield>
        <subfield code='d'>CDX</subfield>
        <subfield code='d'>NhCcYBP</subfield>
      </datafield>
      <datafield ind1=' ' ind2=' ' tag='042'>
        <subfield code='a'>pcc</subfield>
      </datafield>
      <datafield ind1=' ' ind2=' ' tag='043'>
        <subfield code='a'>n-us---</subfield>
      </datafield>
      <datafield ind1='0' ind2='0' tag='050'>
        <subfield code='a'>KF3890</subfield>
        <subfield code='b'>.N49 2015</subfield>
      </datafield>
      <datafield ind1='0' ind2='0' tag='082'>
        <subfield code='a'>362.29/15610973</subfield>
        <subfield code='2'>23</subfield>
      </datafield>
      <datafield ind1=' ' ind2=' ' tag='084'>
        <subfield code='a'>POL028000</subfield>
        <subfield code='a'>SOC004000</subfield>
        <subfield code='a'>SOC051000</subfield>
        <subfield code='2'>bisacsh</subfield>
      </datafield>
      <datafield ind1='0' ind2='0' tag='245'>
        <subfield code='a'>New approaches to drug policies :</subfield>
        <subfield code='b'>a time for change /</subfield>
        <subfield code='c'>edited by Marten W. Brienen and Jonathan D. Rosen.</subfield>
      </datafield>
      <datafield ind1=' ' ind2='1' tag='264'>
        <subfield code='a'>Houndsmills, Basingstoke, Hampshire ;</subfield>
        <subfield code='a'>New York :</subfield>
        <subfield code='b'>Palgrave Macmillan,</subfield>
        <subfield code='c'>2015.</subfield>
      </datafield>
      <datafield ind1=' ' ind2='4' tag='264'>
        <subfield code='c'>©2015</subfield>
      </datafield>
      <datafield ind1=' ' ind2=' ' tag='300'>
        <subfield code='a'>xvii, 255 pages ;</subfield>
        <subfield code='c'>23 cm</subfield>
      </datafield>
      <datafield ind1=' ' ind2=' ' tag='336'>
        <subfield code='a'>text</subfield>
        <subfield code='b'>txt</subfield>
        <subfield code='2'>rdacontent</subfield>
      </datafield>
      <datafield ind1=' ' ind2=' ' tag='337'>
        <subfield code='a'>unmediated</subfield>
        <subfield code='b'>n</subfield>
        <subfield code='2'>rdamedia</subfield>
      </datafield>
      <datafield ind1=' ' ind2=' ' tag='338'>
        <subfield code='a'>volume</subfield>
        <subfield code='b'>nc</subfield>
        <subfield code='2'>rdacarrier</subfield>
      </datafield>
      <datafield ind1=' ' ind2=' ' tag='504'>
        <subfield code='a'>Includes bibliographical references and index.</subfield>
      </datafield>
      <datafield ind1='8' ind2=' ' tag='505'>
        <subfield code='a'>Machine generated contents note: -- Introduction / Marten W. Brienen and Jonathan D. Rosen -- I : CASE STUDIES -- 1. The Drug War&apos;s Damaging Impact on Mexico and Its Neighbors / Ted Galen Carpenter -- 2. Trends in Drug Trafficking and Organized Crime in Brazil / Marcelo Rocha e Silva Zorovich -- 3. The War on Drugs in Colombia: A History of Failure / Jonathan D. Rosen -- 4. Understated Yet Turbulent : Narcotics Trafficking and the Criminalization of Guinea-Bissau / Bradford R. McGuinn -- II : THEMES -- 5. Drug Trafficking and the Street: An Anthropological View / J. Byran Page -- 6. Delinquency and Drug Use in the U.S. / Roger G. Dunham and Ana Maria Lobos -- 7. The Gang-Drug Nexus : Violence, Rhetoric, and Suppression in an FBI Safe Streets Task Force / Susan A. Phillips -- 8. A Resounding Success or a Disastrous Failure : Re-examining the Interpretation of Evidence on the Portuguese Decriminalisation of Illicit Drugs / Caitlin Elizabeth Hughes and Alex Stevens -- III: POLICY SOLUTIONS -- 9. Drug Use Among American Adolescents : An Examination of Prevention and Intervention Programs / Keri O&apos;Neal and Steven L. West -- 10. The Legalization Debate : Mapping Change and Trends in the United States / Hanna Samir Kassab -- 11. A Change in the Approach to the Drug Problem in the Americas / Betty Horwitz -- 12. Enough is Enough : The Need for Prison Reform in the U.S. / Jonathan D. Rosen and Vanessa Rayan -- 13. The &quot;War on Drugs&quot; : A Failed Paradigm / Fida Mohammad and Gregory Fulkerson.</subfield>
      </datafield>
      <datafield ind1=' ' ind2=' ' tag='520'>
        <subfield code='a'>&quot;The war on drugs led by the United States has failed: drugs remain purer, cheaper and more readily available than when the war on drugs began in 1971. The drug war has also resulted in extreme levels of violence as drug traffickers and organized criminals compete for control of territory. Prohibitionist policies have destroyed the lives of millions of people as prisons warehouse drug offenders. This important volume represents an effort to map new approaches to drug policies. The contributors write from various disciplinary backgrounds and provide crucial insights on a wide-range of topics, including the gang-drug nexus, delinquency, legalization, trafficking, decriminalization, intervention programs and prison reform. The volume also provides a number of policy solutions and alternatives to the current drug strategies&quot;--</subfield>
        <subfield code='c'>Provided by publisher.</subfield>
      </datafield>
      <datafield ind1=' ' ind2='0' tag='650'>
        <subfield code='a'>Narcotic laws</subfield>
        <subfield code='z'>United States.</subfield>
      </datafield>
      <datafield ind1=' ' ind2='0' tag='650'>
        <subfield code='a'>Drugs</subfield>
        <subfield code='x'>Law and legislation</subfield>
        <subfield code='z'>United States.</subfield>
      </datafield>
      <datafield ind1=' ' ind2='0' tag='650'>
        <subfield code='a'>Drug traffic</subfield>
        <subfield code='z'>United States.</subfield>
      </datafield>
      <datafield ind1=' ' ind2='0' tag='650'>
        <subfield code='a'>Drug control</subfield>
        <subfield code='z'>United States.</subfield>
      </datafield>
      <datafield ind1=' ' ind2='7' tag='650'>
        <subfield code='a'>POLITICAL SCIENCE / Public Policy / General.</subfield>
        <subfield code='2'>bisacsh</subfield>
      </datafield>
      <datafield ind1=' ' ind2='7' tag='650'>
        <subfield code='a'>SOCIAL SCIENCE / Criminology.</subfield>
        <subfield code='2'>bisacsh</subfield>
      </datafield>
      <datafield ind1=' ' ind2='7' tag='650'>
        <subfield code='a'>SOCIAL SCIENCE / Violence in Society.</subfield>
        <subfield code='2'>bisacsh</subfield>
      </datafield>
      <datafield ind1=' ' ind2='7' tag='650'>
        <subfield code='a'>Drug control.</subfield>
        <subfield code='2'>fast</subfield>
        <subfield code='0'>(OCoLC)fst01032891</subfield>
      </datafield>
      <datafield ind1=' ' ind2='7' tag='650'>
        <subfield code='a'>Drug traffic.</subfield>
        <subfield code='2'>fast</subfield>
        <subfield code='0'>(OCoLC)fst00898722</subfield>
      </datafield>
      <datafield ind1=' ' ind2='7' tag='650'>
        <subfield code='a'>Drugs</subfield>
        <subfield code='x'>Law and legislation.</subfield>
        <subfield code='2'>fast</subfield>
        <subfield code='0'>(OCoLC)fst00898830</subfield>
      </datafield>
      <datafield ind1=' ' ind2='7' tag='650'>
        <subfield code='a'>Narcotic laws.</subfield>
        <subfield code='2'>fast</subfield>
        <subfield code='0'>(OCoLC)fst01032848</subfield>
      </datafield>
      <datafield ind1=' ' ind2='7' tag='651'>
        <subfield code='a'>United States.</subfield>
        <subfield code='2'>fast</subfield>
        <subfield code='0'>(OCoLC)fst01204155</subfield>
      </datafield>
      <datafield ind1='1' ind2=' ' tag='700'>
        <subfield code='a'>Brienen, Marten W.,</subfield>
        <subfield code='d'>1971-</subfield>
        <subfield code='e'>editor.</subfield>
      </datafield>
      <datafield ind1='1' ind2=' ' tag='700'>
        <subfield code='a'>Rosen, Jonathan D.,</subfield>
        <subfield code='e'>editor.</subfield>
      </datafield>
      <datafield ind1=' ' ind2=' ' tag='907'>
        <subfield code='a'>b8342375</subfield>
      </datafield>
      <datafield ind1='9' ind2='1' tag='999'>
        <subfield code='i'>i10870646</subfield>
        <subfield code='l'>ddda</subfield>
        <subfield code='s'>-</subfield>
        <subfield code='t'>0</subfield>
        <subfield code='c'>1</subfield>
        <subfield code='o'>1</subfield>
        <subfield code='b'>00049523032</subfield>
        <subfield code='p'>050</subfield>
        <subfield code='q'>|aKF3890|b.N49 2015</subfield>
      </datafield>
  </record>