
  <record>
    <leader>00000cam a2200445Ii 4500</leader>
      <controlfield tag='008'>160919t20162016enkab    b    000 0 eng d</controlfield>
      <controlfield tag='001'>959274424</controlfield>
      <controlfield tag='003'>OCoLC</controlfield>
      <controlfield tag='005'>20161024022856.0</controlfield>
      <datafield ind1=' ' ind2=' ' tag='020'>
        <subfield code='a'>140731498X</subfield>
        <subfield code='q'>paperback</subfield>
      </datafield>
      <datafield ind1=' ' ind2=' ' tag='020'>
        <subfield code='a'>9781407314983</subfield>
        <subfield code='q'>paperback</subfield>
      </datafield>
      <datafield ind1=' ' ind2=' ' tag='035'>
        <subfield code='a'>(OCoLC)959274424</subfield>
      </datafield>
      <datafield ind1=' ' ind2=' ' tag='040'>
        <subfield code='a'>YDX</subfield>
        <subfield code='b'>eng</subfield>
        <subfield code='e'>rda</subfield>
        <subfield code='c'>YDX</subfield>
        <subfield code='d'>TXA</subfield>
        <subfield code='d'>SUC</subfield>
      </datafield>
      <datafield ind1='0' ind2=' ' tag='041'>
        <subfield code='a'>eng</subfield>
        <subfield code='b'>spa</subfield>
      </datafield>
      <datafield ind1=' ' ind2=' ' tag='043'>
        <subfield code='a'>s-cl---</subfield>
      </datafield>
      <datafield ind1=' ' ind2=' ' tag='049'>
        <subfield code='a'>NOCC</subfield>
      </datafield>
      <datafield ind1=' ' ind2='4' tag='050'>
        <subfield code='a'>F3069.1.T37</subfield>
        <subfield code='b'>S26 2016</subfield>
      </datafield>
      <datafield ind1='0' ind2='4' tag='082'>
        <subfield code='a'>983/.1201</subfield>
        <subfield code='2'>23</subfield>
      </datafield>
      <datafield ind1='1' ind2=' ' tag='100'>
        <subfield code='a'>Santoro Vargas, Calogero Mauricio,</subfield>
        <subfield code='d'>1953-</subfield>
        <subfield code='e'>author.</subfield>
      </datafield>
      <datafield ind1='1' ind2='0' tag='245'>
        <subfield code='a'>Late prehistoric regional interaction and social change in a coastal valley of northern Chile /</subfield>
        <subfield code='c'>Calogero M. Santoro.</subfield>
      </datafield>
      <datafield ind1=' ' ind2='1' tag='264'>
        <subfield code='a'>Oxford :</subfield>
        <subfield code='b'>BAR Publishing,</subfield>
        <subfield code='c'>2016.</subfield>
      </datafield>
      <datafield ind1=' ' ind2='4' tag='264'>
        <subfield code='c'>©2016</subfield>
      </datafield>
      <datafield ind1=' ' ind2=' ' tag='300'>
        <subfield code='a'>xv, 123 pages :</subfield>
        <subfield code='b'>illustrations (some color), maps ;</subfield>
        <subfield code='c'>30 cm.</subfield>
      </datafield>
      <datafield ind1=' ' ind2=' ' tag='336'>
        <subfield code='a'>text</subfield>
        <subfield code='b'>txt</subfield>
        <subfield code='2'>rdacontent</subfield>
      </datafield>
      <datafield ind1=' ' ind2=' ' tag='336'>
        <subfield code='a'>still image</subfield>
        <subfield code='b'>sti</subfield>
        <subfield code='2'>rdacontent</subfield>
      </datafield>
      <datafield ind1=' ' ind2=' ' tag='337'>
        <subfield code='a'>unmediated</subfield>
        <subfield code='b'>n</subfield>
        <subfield code='2'>rdamedia</subfield>
      </datafield>
      <datafield ind1=' ' ind2=' ' tag='338'>
        <subfield code='a'>volume</subfield>
        <subfield code='b'>nc</subfield>
        <subfield code='2'>rdacarrier</subfield>
      </datafield>
      <datafield ind1=' ' ind2=' ' tag='504'>
        <subfield code='a'>Includes bibliographical references (pages 117-123).</subfield>
      </datafield>
      <datafield ind1=' ' ind2='0' tag='650'>
        <subfield code='a'>Prehistoric peoples</subfield>
        <subfield code='z'>Chile</subfield>
        <subfield code='z'>Tarapacá (Region)</subfield>
      </datafield>
      <datafield ind1=' ' ind2='0' tag='650'>
        <subfield code='a'>Pottery</subfield>
        <subfield code='z'>Chile</subfield>
        <subfield code='z'>Tarapacá (Region)</subfield>
      </datafield>
      <datafield ind1=' ' ind2='0' tag='650'>
        <subfield code='a'>Excavations (Archaeology)</subfield>
        <subfield code='z'>Chile</subfield>
        <subfield code='z'>Tarapacá (Region)</subfield>
      </datafield>
      <datafield ind1=' ' ind2='0' tag='651'>
        <subfield code='a'>Tarapacá (Chile : Region)</subfield>
        <subfield code='x'>Antiquities.</subfield>
      </datafield>
      <datafield ind1=' ' ind2='0' tag='830'>
        <subfield code='a'>BAR international series ;</subfield>
        <subfield code='v'>2823.</subfield>
      </datafield>
      <datafield ind1=' ' ind2=' ' tag='907'>
        <subfield code='a'>b8632472</subfield>
      </datafield>
      <datafield ind1='9' ind2='1' tag='999'>
        <subfield code='i'>i11168983</subfield>
        <subfield code='l'>dddb</subfield>
        <subfield code='s'>-</subfield>
        <subfield code='t'>0</subfield>
        <subfield code='c'>1</subfield>
        <subfield code='o'>1</subfield>
        <subfield code='b'>00050589987</subfield>
        <subfield code='p'>050</subfield>
        <subfield code='q'>|aF3069.1.T37|bS26 2016</subfield>
      </datafield>
  </record>