
  <record>
    <leader>00000nam  22002891a 4500</leader>
      <controlfield tag='006'>m        d</controlfield>
      <controlfield tag='008'>070203s1900    dcud    s    f000 0 eng d</controlfield>
      <controlfield tag='007'>cr un mmmapmmp</controlfield>
      <controlfield tag='001'>cis2004104406</controlfield>
      <datafield ind1=' ' ind2=' ' tag='040'>
        <subfield code='a'>UMI</subfield>
        <subfield code='c'>UMI</subfield>
      </datafield>
      <datafield ind1='1' ind2=' ' tag='110'>
        <subfield code='a'>United States.</subfield>
        <subfield code='b'>Congress.</subfield>
        <subfield code='b'>Senate.</subfield>
        <subfield code='b'>Committee on Post Offices and Post Roads.</subfield>
      </datafield>
      <datafield ind1='1' ind2='0' tag='245'>
        <subfield code='a'>Post-Office appropriation bill</subfield>
        <subfield code='h'>[electronic resource].</subfield>
      </datafield>
      <datafield ind1='1' ind2=' ' tag='246'>
        <subfield code='a'>Appropriations for Post-Office Department, 1901</subfield>
      </datafield>
      <datafield ind1=' ' ind2=' ' tag='260'>
        <subfield code='a'>Washington :</subfield>
        <subfield code='b'>[s.n.],</subfield>
        <subfield code='c'>1900.</subfield>
      </datafield>
      <datafield ind1=' ' ind2=' ' tag='300'>
        <subfield code='a'>6 p. :</subfield>
        <subfield code='b'>digital, PDF file.</subfield>
      </datafield>
      <datafield ind1=' ' ind2=' ' tag='500'>
        <subfield code='a'>Doc-No: S.rp.1203</subfield>
      </datafield>
      <datafield ind1='1' ind2=' ' tag='506'>
        <subfield code='a'>Access limited to UNC Chapel Hill-authenticated users.</subfield>
        <subfield code='f'>Unlimited simultaneous users</subfield>
      </datafield>
      <datafield ind1='1' ind2=' ' tag='506'>
        <subfield code='a'>Reuse except for individual research requires license from ProQuest, LLC.</subfield>
      </datafield>
      <datafield ind1='0' ind2=' ' tag='588'>
        <subfield code='a'>Bibliographic data in ProQuest U.S. Serial Set Digital Collection (last viewed Feb. 2007).</subfield>
      </datafield>
      <datafield ind1='1' ind2='0' tag='610'>
        <subfield code='a'>United States.</subfield>
        <subfield code='b'>Post Office Department.</subfield>
      </datafield>
      <datafield ind1=' ' ind2='0' tag='650'>
        <subfield code='a'>Budget</subfield>
        <subfield code='z'>United States.</subfield>
      </datafield>
      <datafield ind1=' ' ind2='0' tag='651'>
        <subfield code='a'>United States</subfield>
        <subfield code='x'>Appropriations and expenditures.</subfield>
      </datafield>
      <datafield ind1='0' ind2=' ' tag='773'>
        <subfield code='t'>ProQuest U.S. serial set (online collection). 1, 1789-1969. Monographs</subfield>
      </datafield>
      <datafield ind1='4' ind2='0' tag='856'>
        <subfield code='u'>http://libproxy.lib.unc.edu/login?url=http://congressional.proquest.com/congcomp/getdoc?SERIAL-SET-ID=3894+S.rp.1203</subfield>
        <subfield code='y'>Full text available via the UNC-Chapel Hill Libraries</subfield>
      </datafield>
      <datafield ind1=' ' ind2=' ' tag='907'>
        <subfield code='a'>b5444130</subfield>
      </datafield>
  </record>