
  <record>
    <leader>00000ccm a2200685Ia 4500</leader>
      <controlfield tag='008'>071109s2006    ja uua         n    jpn d</controlfield>
      <controlfield tag='001'>181091248</controlfield>
      <controlfield tag='003'>OCoLC</controlfield>
      <controlfield tag='005'>20080617013313.0</controlfield>
      <datafield ind1=' ' ind2=' ' tag='020'>
        <subfield code='a'>9784393900581</subfield>
      </datafield>
      <datafield ind1=' ' ind2=' ' tag='020'>
        <subfield code='a'>4393900588</subfield>
      </datafield>
      <datafield ind1=' ' ind2=' ' tag='035'>
        <subfield code='a'>(OCoLC)181091248</subfield>
      </datafield>
      <datafield ind1=' ' ind2=' ' tag='040'>
        <subfield code='a'>OHX</subfield>
        <subfield code='c'>OHX</subfield>
        <subfield code='d'>CUY</subfield>
        <subfield code='d'>NOC</subfield>
      </datafield>
      <datafield ind1=' ' ind2=' ' tag='049'>
        <subfield code='a'>OFC1</subfield>
      </datafield>
      <datafield ind1=' ' ind2=' ' tag='066'>
        <subfield code='c'>$1</subfield>
      </datafield>
      <datafield ind1='1' ind2=' ' tag='100'>
        <subfield code='6'>880-01</subfield>
        <subfield code='a'>Yuasa, Jōji.</subfield>
      </datafield>
      <datafield ind1='1' ind2='0' tag='240'>
        <subfield code='a'>Works.</subfield>
        <subfield code='k'>Selections</subfield>
      </datafield>
      <datafield ind1='1' ind2='0' tag='245'>
        <subfield code='6'>880-02</subfield>
        <subfield code='a'>Kumikyoku &quot;Fūshi kōun&quot; [1988] ;</subfield>
        <subfield code='b'>Kotouta, Bashō goku [1978] ; Naishokuteki uchū III kyokū [1990] ; Shō no tame no genfūkei [1988] /</subfield>
        <subfield code='c'>Yuasa Jōji ; kanshū, henshū Nihon Geijutsu Bunka Shinkōkai, Kokuritsu Gekijō Chōsa Yōseibu Chōsa Shiryōka = Suite &quot;Fuushi kooun&quot; ; Koto uta &quot;Five haiku from Bashoo&quot; ; Cosmos haptic no. 3 &quot;Kokuh&quot; ; To the genesis for shoo /  Yuasa Joji.</subfield>
      </datafield>
      <datafield ind1='3' ind2='0' tag='246'>
        <subfield code='6'>880-03</subfield>
        <subfield code='a'>Fūshi kōun</subfield>
      </datafield>
      <datafield ind1=' ' ind2=' ' tag='260'>
        <subfield code='6'>880-04</subfield>
        <subfield code='a'>Tōkyō :</subfield>
        <subfield code='b'>Shunjūsha,</subfield>
        <subfield code='c'>2006.</subfield>
      </datafield>
      <datafield ind1=' ' ind2=' ' tag='300'>
        <subfield code='a'>1 score (iii, [88] p.) :</subfield>
        <subfield code='b'>ill. ;</subfield>
        <subfield code='c'>31 cm +</subfield>
        <subfield code='e'>1 sound disc (digital ; 4 3/4 in.).</subfield>
      </datafield>
      <datafield ind1=' ' ind2=' ' tag='500'>
        <subfield code='a'>A collection of works for traditional Japanese instruments, some with voice.</subfield>
      </datafield>
      <datafield ind1=' ' ind2=' ' tag='500'>
        <subfield code='a'>Preface and composer&apos;s notes in Japanese and English.</subfield>
      </datafield>
      <datafield ind1=' ' ind2=' ' tag='500'>
        <subfield code='a'>Includes compact disc of performances of the works.</subfield>
      </datafield>
      <datafield ind1='1' ind2='0' tag='600'>
        <subfield code='6'>880-07</subfield>
        <subfield code='a'>Yuasa, Jōji.</subfield>
      </datafield>
      <datafield ind1=' ' ind2='0' tag='650'>
        <subfield code='a'>Shakuhachi and koto music.</subfield>
      </datafield>
      <datafield ind1=' ' ind2='0' tag='650'>
        <subfield code='a'>Shō music.</subfield>
      </datafield>
      <datafield ind1=' ' ind2='7' tag='655'>
        <subfield code='a'>Music.</subfield>
        <subfield code='2'>lcgft</subfield>
      </datafield>
      <datafield ind1='1' ind2='2' tag='700'>
        <subfield code='a'>Yuasa, Jōji.</subfield>
        <subfield code='t'>Kotouta, Bashō goku.</subfield>
      </datafield>
      <datafield ind1='1' ind2='2' tag='700'>
        <subfield code='a'>Yuasa, Jōji.</subfield>
        <subfield code='t'>Cosmos haptic,</subfield>
        <subfield code='n'>no. 3.</subfield>
      </datafield>
      <datafield ind1='1' ind2='2' tag='700'>
        <subfield code='a'>Yuasa, Jōji.</subfield>
        <subfield code='t'>Shō no tame no genfūkei.</subfield>
      </datafield>
      <datafield ind1='2' ind2=' ' tag='710'>
        <subfield code='6'>880-08</subfield>
        <subfield code='a'>Nihon Geijutsu Bunka Shinkōkai.</subfield>
      </datafield>
      <datafield ind1='2' ind2=' ' tag='710'>
        <subfield code='6'>880-09</subfield>
        <subfield code='a'>Kokuritsu Gekijō.</subfield>
        <subfield code='b'>Chōsa Shiryōka.</subfield>
      </datafield>
      <datafield ind1='0' ind2='2' tag='740'>
        <subfield code='6'>880-10</subfield>
        <subfield code='a'>Kotouta, Bashō goku.</subfield>
      </datafield>
      <datafield ind1='0' ind2='2' tag='740'>
        <subfield code='6'>880-11</subfield>
        <subfield code='a'>Naishokuteki uchū III kyokū.</subfield>
      </datafield>
      <datafield ind1='0' ind2='2' tag='740'>
        <subfield code='6'>880-12</subfield>
        <subfield code='a'>Shō no tame no genfūkei.</subfield>
      </datafield>
      <datafield ind1=' ' ind2='0' tag='830'>
        <subfield code='6'>880-13</subfield>
        <subfield code='a'>Gendai no Nihon ongaku ;</subfield>
        <subfield code='v'>18.</subfield>
      </datafield>
      <datafield ind1=' ' ind2='0' tag='830'>
        <subfield code='6'>880-14</subfield>
        <subfield code='a'>Kokuritsu Gekijō ishoku sakuhin shirīzu.</subfield>
      </datafield>
      <datafield ind1='1' ind2=' ' tag='880'>
        <subfield code='6'>100-01/$1</subfield>
        <subfield code='a'>湯浅譲二.</subfield>
      </datafield>
      <datafield ind1='1' ind2='0' tag='880'>
        <subfield code='6'>245-02/$1</subfield>
        <subfield code='a'>組曲「風姿行雲」 ;</subfield>
        <subfield code='b'>箏歌。芭蕉五句 ; 内触覚的宇宙 III 虛空 ; 笙のための原風景 /</subfield>
        <subfield code='c'>湯浅譲二 ; 監修。編集日本芸術文化振興会, 国立劇場調查養成部調查資料課 = Suite &quot;Fuushi kooun&quot; ; Koto uta &quot;Five haiku from Bashoo&quot; ; Cosmos haptic no. 3 &quot;Kokuh&quot; ; To the genesis for shoo / Yuasa Joji.</subfield>
      </datafield>
      <datafield ind1='3' ind2='0' tag='880'>
        <subfield code='6'>246-03/$1</subfield>
        <subfield code='a'>風姿行雲</subfield>
      </datafield>
      <datafield ind1=' ' ind2=' ' tag='880'>
        <subfield code='6'>260-04/$1</subfield>
        <subfield code='a'>東京 :</subfield>
        <subfield code='b'>春秋社,</subfield>
        <subfield code='c'>2006.</subfield>
      </datafield>
      <datafield ind1='1' ind2=' ' tag='880'>
        <subfield code='6'>490-05/$1</subfield>
        <subfield code='a'>現代の日本音楽 =</subfield>
        <subfield code='a'>Contemporary Japanese music ;</subfield>
        <subfield code='v'>18</subfield>
      </datafield>
      <datafield ind1='1' ind2=' ' tag='880'>
        <subfield code='6'>490-06/$1</subfield>
        <subfield code='a'>国立劇場委嘱作品シリーズ =</subfield>
        <subfield code='a'>Works commissioned by the National Theatre, Tokyo</subfield>
      </datafield>
      <datafield ind1='1' ind2='4' tag='880'>
        <subfield code='6'>600-07/$1</subfield>
        <subfield code='a'>湯浅譲二.</subfield>
      </datafield>
      <datafield ind1='2' ind2=' ' tag='880'>
        <subfield code='6'>710-08/$1</subfield>
        <subfield code='a'>日本芸術文化振興会.</subfield>
      </datafield>
      <datafield ind1='2' ind2=' ' tag='880'>
        <subfield code='6'>710-09/$1</subfield>
        <subfield code='a'>国立劇場.</subfield>
        <subfield code='b'>調查資料課.</subfield>
      </datafield>
      <datafield ind1='0' ind2='2' tag='880'>
        <subfield code='6'>740-10/$1</subfield>
        <subfield code='a'>箏歌。芭蕉五句.</subfield>
      </datafield>
      <datafield ind1='0' ind2='2' tag='880'>
        <subfield code='6'>740-11/$1</subfield>
        <subfield code='a'>内触覚的宇宙 III 虛空.</subfield>
      </datafield>
      <datafield ind1='0' ind2='2' tag='880'>
        <subfield code='6'>740-12/$1</subfield>
        <subfield code='a'>笙のための原風景.</subfield>
      </datafield>
      <datafield ind1=' ' ind2='0' tag='880'>
        <subfield code='6'>830-13/$1</subfield>
        <subfield code='a'>現代の日本音楽 ;</subfield>
        <subfield code='v'>18.</subfield>
      </datafield>
      <datafield ind1=' ' ind2='0' tag='880'>
        <subfield code='6'>830-14/$1</subfield>
        <subfield code='a'>国立劇場委嘱作品シリーズ .</subfield>
      </datafield>
      <datafield ind1=' ' ind2=' ' tag='907'>
        <subfield code='a'>b5340472</subfield>
      </datafield>
      <datafield ind1='9' ind2='1' tag='999'>
        <subfield code='i'>i7378388</subfield>
        <subfield code='l'>mmda</subfield>
        <subfield code='s'>o</subfield>
        <subfield code='t'>44</subfield>
        <subfield code='c'>1</subfield>
        <subfield code='o'>0</subfield>
        <subfield code='b'>00030554702</subfield>
        <subfield code='p'>090</subfield>
        <subfield code='q'>|aM3.1.Y83|bS45 2006</subfield>
        <subfield code='n'>Ask at Circulation Desk for accompanying CD</subfield>
      </datafield>
      <datafield ind1='9' ind2='1' tag='999'>
        <subfield code='i'>i7435170</subfield>
        <subfield code='l'>mmda</subfield>
        <subfield code='s'>o</subfield>
        <subfield code='t'>44</subfield>
        <subfield code='c'>1</subfield>
        <subfield code='o'>0</subfield>
        <subfield code='b'>00031866856</subfield>
        <subfield code='p'>090</subfield>
        <subfield code='q'>|aM3.1.Y83|bS45 2006</subfield>
        <subfield code='v'>compact disc</subfield>
      </datafield>
  </record>