
  <record>
    <leader>00000cam  2200241 i 4500</leader>
      <controlfield tag='008'>780811s1978    dcu          f000 0 eng d</controlfield>
      <controlfield tag='001'>4129730</controlfield>
      <datafield ind1=' ' ind2=' ' tag='035'>
        <subfield code='a'>(GPO)78022485</subfield>
      </datafield>
      <datafield ind1=' ' ind2=' ' tag='040'>
        <subfield code='a'>GPO</subfield>
        <subfield code='c'>GPO</subfield>
      </datafield>
      <datafield ind1=' ' ind2=' ' tag='043'>
        <subfield code='a'>n-us---</subfield>
      </datafield>
      <datafield ind1=' ' ind2=' ' tag='074'>
        <subfield code='a'>1037-A</subfield>
      </datafield>
      <datafield ind1='0' ind2=' ' tag='086'>
        <subfield code='a'>Y 4.G 74/9:R 31/3</subfield>
      </datafield>
      <datafield ind1='1' ind2=' ' tag='110'>
        <subfield code='a'>United States.</subfield>
        <subfield code='b'>Congress.</subfield>
        <subfield code='b'>Senate.</subfield>
        <subfield code='b'>Committee on Governmental Affairs.</subfield>
        <subfield code='b'>Subcommittee on Civil Service and General Services.</subfield>
      </datafield>
      <datafield ind1='1' ind2='0' tag='245'>
        <subfield code='a'>Retirement and withholding tax legislation :</subfield>
        <subfield code='b'>hearing before the Subcommittee on Civil Service and General Services of the Committee on Governmental Affairs, United States Senate, Ninety-fifth Congress, second session ... May 17, 1978.</subfield>
      </datafield>
      <datafield ind1=' ' ind2=' ' tag='260'>
        <subfield code='a'>Washington :</subfield>
        <subfield code='b'>U.S. Govt. Print. Off.,</subfield>
        <subfield code='c'>1978.</subfield>
      </datafield>
      <datafield ind1=' ' ind2=' ' tag='300'>
        <subfield code='a'>iii, 78 p. ;</subfield>
        <subfield code='c'>24 cm.</subfield>
      </datafield>
      <datafield ind1=' ' ind2=' ' tag='500'>
        <subfield code='a'>Hearings on S. 224 and other bills.</subfield>
      </datafield>
      <datafield ind1=' ' ind2='0' tag='650'>
        <subfield code='a'>Civil service</subfield>
        <subfield code='x'>Pensions</subfield>
        <subfield code='z'>United States.</subfield>
      </datafield>
      <datafield ind1=' ' ind2='0' tag='650'>
        <subfield code='a'>Withholding tax</subfield>
        <subfield code='z'>United States.</subfield>
      </datafield>
      <datafield ind1=' ' ind2=' ' tag='907'>
        <subfield code='a'>b3317930</subfield>
      </datafield>
      <datafield ind1='9' ind2='1' tag='999'>
        <subfield code='i'>i4718616</subfield>
        <subfield code='l'>dcpf</subfield>
        <subfield code='s'>-</subfield>
        <subfield code='t'>20</subfield>
        <subfield code='c'>1</subfield>
        <subfield code='o'>0</subfield>
        <subfield code='b'>HAYK-7259-00001</subfield>
        <subfield code='p'>086</subfield>
        <subfield code='q'>|aY 4.G 74/9:R 31/3</subfield>
      </datafield>
  </record>