
  <record>
    <leader>00000cam  2200265 a 4500</leader>
      <controlfield tag='008'>890731s1988    enkb     b    001 0 eng c</controlfield>
      <controlfield tag='001'>18411955</controlfield>
      <controlfield tag='005'>19890731000000.0</controlfield>
      <datafield ind1=' ' ind2=' ' tag='010'>
        <subfield code='a'>88172479</subfield>
      </datafield>
      <datafield ind1=' ' ind2=' ' tag='020'>
        <subfield code='a'>0718512642 :</subfield>
        <subfield code='c'>£25.00</subfield>
      </datafield>
      <datafield ind1=' ' ind2=' ' tag='040'>
        <subfield code='a'>MH</subfield>
        <subfield code='c'>HLS</subfield>
        <subfield code='d'>NOC</subfield>
      </datafield>
      <datafield ind1=' ' ind2=' ' tag='043'>
        <subfield code='a'>e-uk---</subfield>
      </datafield>
      <datafield ind1='1' ind2=' ' tag='050'>
        <subfield code='a'>DA589.8</subfield>
        <subfield code='b'>.F67x 1988</subfield>
      </datafield>
      <datafield ind1='0' ind2='4' tag='245'>
        <subfield code='a'>The Foreign policy of Churchill&apos;s peacetime administration, 1951-1955 /</subfield>
        <subfield code='c'>edited by John W. Young.</subfield>
      </datafield>
      <datafield ind1=' ' ind2=' ' tag='260'>
        <subfield code='a'>[Leicester] :</subfield>
        <subfield code='b'>Leicester University Press,</subfield>
        <subfield code='c'>1988.</subfield>
      </datafield>
      <datafield ind1=' ' ind2=' ' tag='300'>
        <subfield code='a'>x, 273 p. :</subfield>
        <subfield code='b'>maps ;</subfield>
        <subfield code='c'>23 cm.</subfield>
      </datafield>
      <datafield ind1=' ' ind2=' ' tag='500'>
        <subfield code='a'>Includes index.</subfield>
      </datafield>
      <datafield ind1=' ' ind2=' ' tag='504'>
        <subfield code='a'>Bibliography: p. [261]-263.</subfield>
      </datafield>
      <datafield ind1='0' ind2=' ' tag='505'>
        <subfield code='a'>Introduction: the foreign office and policy-making / Anthony Adamthwaite -- The &quot;special&quot; relationship with Washington / Peter Boyle -- Cold War and detente with Moscow / John W. Young -- German rearmament and the European defence community / John W. Young -- The Schuman plan and British Association / John W. Young -- Egypt and the Suez Base Agreement / Ritchie Ovendale -- The &quot;Northern Tier&quot; and the Baghdad Pact / Brian Holden Reid -- South Africa and the Simonstown agreements / G.R. Berridge and J.E. Spence -- The settlement of the Korean War / Peter Lowe -- The settlement of the Indochina War / Geoffrey Warner.</subfield>
      </datafield>
      <datafield ind1='1' ind2='0' tag='600'>
        <subfield code='a'>Churchill, Winston,</subfield>
        <subfield code='d'>1874-1965.</subfield>
      </datafield>
      <datafield ind1=' ' ind2='0' tag='651'>
        <subfield code='a'>Great Britain</subfield>
        <subfield code='x'>Foreign relations</subfield>
        <subfield code='y'>1945-</subfield>
      </datafield>
      <datafield ind1='1' ind2=' ' tag='700'>
        <subfield code='a'>Young, John W.</subfield>
      </datafield>
      <datafield ind1=' ' ind2=' ' tag='907'>
        <subfield code='a'>b2263763</subfield>
      </datafield>
      <datafield ind1='9' ind2='1' tag='999'>
        <subfield code='i'>i3260523</subfield>
        <subfield code='l'>ddda</subfield>
        <subfield code='s'>-</subfield>
        <subfield code='t'>0</subfield>
        <subfield code='c'>1</subfield>
        <subfield code='o'>2</subfield>
        <subfield code='b'>00005431366</subfield>
        <subfield code='p'>090</subfield>
        <subfield code='q'>|aDA589.8 .F67 1988</subfield>
      </datafield>
  </record>