
  <record>
    <leader>00000cam  2200217I  4500</leader>
      <controlfield tag='008'>720321s1960    enk      b    000 0 eng c</controlfield>
      <controlfield tag='001'>268021</controlfield>
      <controlfield tag='005'>19950328134352.0</controlfield>
      <datafield ind1=' ' ind2=' ' tag='010'>
        <subfield code='a'>a  61000609</subfield>
      </datafield>
      <datafield ind1=' ' ind2=' ' tag='015'>
        <subfield code='a'>GB60-11903</subfield>
      </datafield>
      <datafield ind1=' ' ind2=' ' tag='040'>
        <subfield code='a'>Rochester. Univ. Libr.</subfield>
        <subfield code='c'>YNG</subfield>
        <subfield code='d'>SER</subfield>
        <subfield code='d'>UKM</subfield>
      </datafield>
      <datafield ind1='0' ind2='4' tag='082'>
        <subfield code='a'>820.9004</subfield>
        <subfield code='2'>18</subfield>
      </datafield>
      <datafield ind1='1' ind2=' ' tag='100'>
        <subfield code='a'>Williamson, George,</subfield>
        <subfield code='d'>1898-1968.</subfield>
      </datafield>
      <datafield ind1='1' ind2='0' tag='245'>
        <subfield code='a'>Seventeenth century contexts.</subfield>
        <subfield code='b'>[Essays]</subfield>
      </datafield>
      <datafield ind1=' ' ind2=' ' tag='260'>
        <subfield code='a'>London,</subfield>
        <subfield code='b'>Faber and Faber</subfield>
        <subfield code='c'>[1960]</subfield>
      </datafield>
      <datafield ind1=' ' ind2=' ' tag='300'>
        <subfield code='a'>291 p.</subfield>
        <subfield code='c'>23 cm.</subfield>
      </datafield>
      <datafield ind1=' ' ind2=' ' tag='500'>
        <subfield code='a'>&quot;These are essays, studies of seventeenth-century problems with a special twentieth-century relevance ... Donne, Milton and Dryden are the principal figures ...</subfield>
      </datafield>
      <datafield ind1=' ' ind2=' ' tag='504'>
        <subfield code='a'>Bibliographical footnotes.</subfield>
      </datafield>
      <datafield ind1=' ' ind2='0' tag='650'>
        <subfield code='a'>English poetry</subfield>
        <subfield code='y'>Early modern, 1500-1700</subfield>
        <subfield code='x'>History and criticism.</subfield>
      </datafield>
      <datafield ind1=' ' ind2=' ' tag='907'>
        <subfield code='a'>b2690248</subfield>
      </datafield>
      <datafield ind1='9' ind2='1' tag='999'>
        <subfield code='i'>i3871412</subfield>
        <subfield code='l'>trln</subfield>
        <subfield code='s'>-</subfield>
        <subfield code='t'>0</subfield>
        <subfield code='c'>1</subfield>
        <subfield code='o'>0</subfield>
        <subfield code='b'>00027915766</subfield>
        <subfield code='p'>092</subfield>
        <subfield code='q'>|a821.09 W72s</subfield>
      </datafield>
  </record>