
  <record>
    <leader>00000cam  22003371a 4500</leader>
      <controlfield tag='006'>m    |   d |</controlfield>
      <controlfield tag='008'>851210s1793    ctu     o     000 0 eng d</controlfield>
      <controlfield tag='007'>cr mn mmmmabba</controlfield>
      <controlfield tag='001'>aas03024438</controlfield>
      <controlfield tag='005'>20021212172913.0</controlfield>
      <datafield ind1=' ' ind2=' ' tag='040'>
        <subfield code='a'>MWA</subfield>
        <subfield code='c'>MWA</subfield>
        <subfield code='e'>bdrb</subfield>
      </datafield>
      <datafield ind1='1' ind2=' ' tag='100'>
        <subfield code='a'>Fish, Samuel.</subfield>
      </datafield>
      <datafield ind1='1' ind2='3' tag='245'>
        <subfield code='a'>An humble address to every Christian of every nation and denomination of people under heaven</subfield>
        <subfield code='h'>[electronic resource] :</subfield>
        <subfield code='b'>shewing an effectual means to prevent wars among all nations of the earth, and to maintain an everlasting union, in families, societies, churches, towns, states and in all the kingdoms of this lower world. : [Two lines from Matthew]</subfield>
      </datafield>
      <datafield ind1=' ' ind2=' ' tag='260'>
        <subfield code='a'>Norwich [Conn.]: :</subfield>
        <subfield code='b'>Printed by John Trumbull, for the author.,</subfield>
        <subfield code='c'>M,D,CC,XCIII. [1793]</subfield>
      </datafield>
      <datafield ind1=' ' ind2=' ' tag='300'>
        <subfield code='a'>1 online resource (39, [1] p.)</subfield>
      </datafield>
      <datafield ind1=' ' ind2=' ' tag='500'>
        <subfield code='a'>Signed on p. 39: Samuel Fish.</subfield>
      </datafield>
      <datafield ind1='1' ind2=' ' tag='506'>
        <subfield code='a'>Access limited to UNC Chapel Hill-authenticated users.</subfield>
        <subfield code='f'>Unlimited simultaneous users</subfield>
      </datafield>
      <datafield ind1='4' ind2=' ' tag='510'>
        <subfield code='a'>Evans</subfield>
        <subfield code='c'>25483</subfield>
      </datafield>
      <datafield ind1='4' ind2=' ' tag='510'>
        <subfield code='a'>Trumbull, J.H.  Connecticut (suppl.),</subfield>
        <subfield code='c'>2144</subfield>
      </datafield>
      <datafield ind1=' ' ind2=' ' tag='588'>
        <subfield code='a'>Description based on microform record.</subfield>
      </datafield>
      <datafield ind1=' ' ind2='0' tag='650'>
        <subfield code='a'>Peace.</subfield>
      </datafield>
      <datafield ind1=' ' ind2='0' tag='650'>
        <subfield code='a'>War.</subfield>
      </datafield>
      <datafield ind1=' ' ind2=' ' tag='752'>
        <subfield code='a'>United States</subfield>
        <subfield code='b'>Connecticut</subfield>
        <subfield code='d'>Norwich.</subfield>
      </datafield>
      <datafield ind1='0' ind2=' ' tag='773'>
        <subfield code='t'>Early American imprints, series 1: Evans (online collection)</subfield>
      </datafield>
      <datafield ind1='4' ind2='0' tag='856'>
        <subfield code='y'>Full text available via the UNC-Chapel Hill Libraries</subfield>
        <subfield code='u'>http://libproxy.lib.unc.edu/login?url=http://opac.newsbank.com/select/evans/25483</subfield>
      </datafield>
      <datafield ind1=' ' ind2=' ' tag='907'>
        <subfield code='a'>b6684026</subfield>
      </datafield>
  </record>