
  <record>
    <leader>00000cam  2200205Ia 4500</leader>
      <controlfield tag='008'>980917s1998    enka     b    001 0 eng d</controlfield>
      <controlfield tag='001'>39887815</controlfield>
      <controlfield tag='005'>19990326114752.0</controlfield>
      <datafield ind1=' ' ind2=' ' tag='015'>
        <subfield code='a'>GB98-Z6442</subfield>
      </datafield>
      <datafield ind1=' ' ind2=' ' tag='020'>
        <subfield code='a'>1853107719</subfield>
      </datafield>
      <datafield ind1=' ' ind2=' ' tag='040'>
        <subfield code='a'>ORE</subfield>
        <subfield code='c'>ORE</subfield>
        <subfield code='d'>UKM</subfield>
        <subfield code='d'>NOC</subfield>
      </datafield>
      <datafield ind1='1' ind2=' ' tag='100'>
        <subfield code='a'>Wigan, Michael.</subfield>
      </datafield>
      <datafield ind1='1' ind2='4' tag='245'>
        <subfield code='a'>The last of the hunter gatherers :</subfield>
        <subfield code='b'>fisheries crisis at sea /</subfield>
        <subfield code='c'>Michael Wigan.</subfield>
      </datafield>
      <datafield ind1=' ' ind2=' ' tag='260'>
        <subfield code='a'>Shrewsbury, England :</subfield>
        <subfield code='b'>Swan Hill Press,</subfield>
        <subfield code='c'>1998.</subfield>
      </datafield>
      <datafield ind1=' ' ind2=' ' tag='300'>
        <subfield code='a'>270 p. :</subfield>
        <subfield code='b'>ill. ;</subfield>
        <subfield code='c'>24 cm.</subfield>
      </datafield>
      <datafield ind1=' ' ind2=' ' tag='504'>
        <subfield code='a'>Includes bibliographical references and index.</subfield>
      </datafield>
      <datafield ind1=' ' ind2='0' tag='650'>
        <subfield code='a'>Fishery management.</subfield>
      </datafield>
      <datafield ind1=' ' ind2='0' tag='650'>
        <subfield code='a'>Fisheries.</subfield>
      </datafield>
      <datafield ind1=' ' ind2=' ' tag='907'>
        <subfield code='a'>b3213607</subfield>
      </datafield>
      <datafield ind1='9' ind2='1' tag='999'>
        <subfield code='i'>i4564920</subfield>
        <subfield code='l'>bbla</subfield>
        <subfield code='s'>-</subfield>
        <subfield code='t'>0</subfield>
        <subfield code='c'>1</subfield>
        <subfield code='o'>3</subfield>
        <subfield code='b'>00016426921</subfield>
        <subfield code='p'>090</subfield>
        <subfield code='q'>|aSH328 .W543 1998</subfield>
      </datafield>
  </record>