
  <record>
    <leader>00000nam a2200373 i 4500</leader>
      <controlfield tag='008'>161101s2016    enk      b    001 0 eng d</controlfield>
      <controlfield tag='001'>950450742</controlfield>
      <controlfield tag='003'>OCoLC</controlfield>
      <controlfield tag='005'>20161101073648.9</controlfield>
      <datafield ind1=' ' ind2=' ' tag='020'>
        <subfield code='a'>9781784994372</subfield>
        <subfield code='q'>hardback</subfield>
      </datafield>
      <datafield ind1=' ' ind2=' ' tag='020'>
        <subfield code='a'>1784994375</subfield>
        <subfield code='q'>hardback</subfield>
      </datafield>
      <datafield ind1=' ' ind2=' ' tag='035'>
        <subfield code='a'>(OCoLC)950450742</subfield>
      </datafield>
      <datafield ind1=' ' ind2=' ' tag='040'>
        <subfield code='a'>NhCcYBP</subfield>
        <subfield code='b'>eng</subfield>
        <subfield code='e'>rda</subfield>
        <subfield code='c'>NhCcYBP</subfield>
      </datafield>
      <datafield ind1=' ' ind2=' ' tag='043'>
        <subfield code='a'>e-uk---</subfield>
      </datafield>
      <datafield ind1=' ' ind2='4' tag='050'>
        <subfield code='a'>JN405</subfield>
        <subfield code='b'>.G59 2016</subfield>
      </datafield>
      <datafield ind1='0' ind2='4' tag='082'>
        <subfield code='a'>352.230941</subfield>
        <subfield code='2'>23</subfield>
      </datafield>
      <datafield ind1='1' ind2=' ' tag='100'>
        <subfield code='a'>Goodman, Sam,</subfield>
        <subfield code='e'>author.</subfield>
      </datafield>
      <datafield ind1='1' ind2='4' tag='245'>
        <subfield code='a'>The imperial premiership :</subfield>
        <subfield code='b'>the role of the modern Prime Minister in foreign policy making, 1964-2015 /</subfield>
        <subfield code='c'>Sam Goodman.</subfield>
      </datafield>
      <datafield ind1=' ' ind2='1' tag='264'>
        <subfield code='a'>Manchester :</subfield>
        <subfield code='b'>Manchester University Press,</subfield>
        <subfield code='c'>2016.</subfield>
      </datafield>
      <datafield ind1=' ' ind2=' ' tag='300'>
        <subfield code='a'>xiv, 355 pages ;</subfield>
        <subfield code='c'>24 cm</subfield>
      </datafield>
      <datafield ind1=' ' ind2=' ' tag='336'>
        <subfield code='a'>text</subfield>
        <subfield code='b'>txt</subfield>
        <subfield code='2'>rdacontent</subfield>
      </datafield>
      <datafield ind1=' ' ind2=' ' tag='337'>
        <subfield code='a'>unmediated</subfield>
        <subfield code='b'>n</subfield>
        <subfield code='2'>rdamedia</subfield>
      </datafield>
      <datafield ind1=' ' ind2=' ' tag='338'>
        <subfield code='a'>volume</subfield>
        <subfield code='b'>nc</subfield>
        <subfield code='2'>rdacarrier</subfield>
      </datafield>
      <datafield ind1=' ' ind2=' ' tag='504'>
        <subfield code='a'>Includes bibliographical references and index.</subfield>
      </datafield>
      <datafield ind1=' ' ind2='0' tag='650'>
        <subfield code='a'>Prime ministers</subfield>
        <subfield code='z'>Great Britain.</subfield>
      </datafield>
      <datafield ind1=' ' ind2='0' tag='650'>
        <subfield code='a'>Political leadership</subfield>
        <subfield code='z'>Great Britain.</subfield>
      </datafield>
      <datafield ind1=' ' ind2='0' tag='651'>
        <subfield code='a'>Great Britain</subfield>
        <subfield code='x'>Foreign relations.</subfield>
      </datafield>
      <datafield ind1=' ' ind2=' ' tag='919'>
        <subfield code='a'>TROUP</subfield>
      </datafield>
      <datafield ind1=' ' ind2='1' tag='907'>
        <subfield code='a'>b8774582</subfield>
      </datafield>
      <datafield ind1='9' ind2='1' tag='999'>
        <subfield code='i'>i11306461</subfield>
        <subfield code='l'>troup</subfield>
        <subfield code='s'>-</subfield>
        <subfield code='t'>0</subfield>
        <subfield code='c'>1</subfield>
        <subfield code='o'>0</subfield>
        <subfield code='b'>00051008513</subfield>
        <subfield code='p'>050</subfield>
        <subfield code='q'>|aJN405|b.G59 2016</subfield>
        <subfield code='n'>90 Day Loan Period</subfield>
      </datafield>
  </record>