
  <record>
    <leader>00000nam a2200301 a 4500</leader>
      <controlfield tag='008'>871101s1985    couab   bb   f000 0 eng d</controlfield>
      <controlfield tag='007'>he-bmb024bbca</controlfield>
      <controlfield tag='001'>16945907</controlfield>
      <datafield ind1=' ' ind2=' ' tag='035'>
        <subfield code='a'>(GPO)88002534</subfield>
      </datafield>
      <datafield ind1=' ' ind2=' ' tag='040'>
        <subfield code='a'>GPO</subfield>
        <subfield code='c'>GPO</subfield>
        <subfield code='d'>MvI-cor</subfield>
      </datafield>
      <datafield ind1=' ' ind2=' ' tag='043'>
        <subfield code='a'>s-bo---</subfield>
      </datafield>
      <datafield ind1=' ' ind2=' ' tag='074'>
        <subfield code='a'>624-H (MF)</subfield>
      </datafield>
      <datafield ind1='0' ind2=' ' tag='086'>
        <subfield code='a'>I 19.76:85-258</subfield>
      </datafield>
      <datafield ind1='0' ind2='0' tag='245'>
        <subfield code='a'>Preliminary geochemical study of ash-flow tuffs in the Morococala and Los Frailes volcanic fields, central Bolivian tin belt</subfield>
        <subfield code='h'>[microform] /</subfield>
        <subfield code='c'>by George E. Ericksen ... [et al.].</subfield>
      </datafield>
      <datafield ind1=' ' ind2=' ' tag='260'>
        <subfield code='a'>[Reston, Va.?] :</subfield>
        <subfield code='b'>Dept. of the Interior, U.S. Geological Survey,</subfield>
        <subfield code='c'>1985.</subfield>
      </datafield>
      <datafield ind1=' ' ind2=' ' tag='300'>
        <subfield code='a'>1 v. :</subfield>
        <subfield code='b'>ill., maps ;</subfield>
        <subfield code='c'>28 cm.</subfield>
      </datafield>
      <datafield ind1=' ' ind2=' ' tag='500'>
        <subfield code='a'>Distributed to depository libraries in microfiche.</subfield>
      </datafield>
      <datafield ind1=' ' ind2=' ' tag='504'>
        <subfield code='a'>Bibliography: leaf 8.</subfield>
      </datafield>
      <datafield ind1=' ' ind2=' ' tag='533'>
        <subfield code='a'>Microfiche.</subfield>
        <subfield code='b'>[Denver, Colo. :</subfield>
        <subfield code='c'>U.S. Geological Survey,</subfield>
        <subfield code='d'>1985].</subfield>
        <subfield code='e'>1 microfiche ; 11 x 15 cm.</subfield>
      </datafield>
      <datafield ind1=' ' ind2='0' tag='650'>
        <subfield code='a'>Geochemistry</subfield>
        <subfield code='z'>Bolivia.</subfield>
      </datafield>
      <datafield ind1=' ' ind2='0' tag='650'>
        <subfield code='a'>Volcanic ash, tuff, etc.</subfield>
        <subfield code='z'>Bolivia.</subfield>
      </datafield>
      <datafield ind1='1' ind2=' ' tag='700'>
        <subfield code='a'>Ericksen, George Edward.</subfield>
      </datafield>
      <datafield ind1='2' ind2=' ' tag='710'>
        <subfield code='a'>Geological Survey (U.S.)</subfield>
      </datafield>
      <datafield ind1=' ' ind2='0' tag='830'>
        <subfield code='a'>U.S. Geological Survey open-file report ;</subfield>
        <subfield code='v'>85-258.</subfield>
      </datafield>
      <datafield ind1=' ' ind2=' ' tag='907'>
        <subfield code='a'>b3597081</subfield>
      </datafield>
      <datafield ind1='9' ind2='1' tag='999'>
        <subfield code='i'>i5035204</subfield>
        <subfield code='l'>dcpfb</subfield>
        <subfield code='s'>-</subfield>
        <subfield code='t'>20</subfield>
        <subfield code='c'>1</subfield>
        <subfield code='o'>0</subfield>
        <subfield code='b'>HBAT-7829-00001</subfield>
        <subfield code='p'>086</subfield>
        <subfield code='q'>|aI19.76:85-258</subfield>
      </datafield>
  </record>