
  <record>
    <leader>00000nam  2200265 a 4500</leader>
      <controlfield tag='008'>810411s1980    dcu          f000 0 eng d</controlfield>
      <controlfield tag='001'>7333770</controlfield>
      <datafield ind1=' ' ind2=' ' tag='035'>
        <subfield code='a'>(GPO)81004960</subfield>
      </datafield>
      <datafield ind1=' ' ind2=' ' tag='040'>
        <subfield code='a'>GPO</subfield>
        <subfield code='c'>GPO</subfield>
      </datafield>
      <datafield ind1=' ' ind2=' ' tag='043'>
        <subfield code='a'>n-us---</subfield>
      </datafield>
      <datafield ind1=' ' ind2=' ' tag='074'>
        <subfield code='a'>989-B</subfield>
      </datafield>
      <datafield ind1='0' ind2=' ' tag='086'>
        <subfield code='a'>VA 1.34:Is 1/24</subfield>
      </datafield>
      <datafield ind1='0' ind2='0' tag='245'>
        <subfield code='a'>Federal benefits for veterans and dependents /</subfield>
        <subfield code='c'>Veterans Administration.</subfield>
      </datafield>
      <datafield ind1=' ' ind2=' ' tag='260'>
        <subfield code='a'>Washington, D.C. :</subfield>
        <subfield code='b'>The Administration :</subfield>
        <subfield code='b'>For sale by the Supt. of Docs., U.S. G.P.O.,</subfield>
        <subfield code='c'>1981 i.e. 1980.</subfield>
      </datafield>
      <datafield ind1=' ' ind2=' ' tag='300'>
        <subfield code='a'>iv, 78 p. ;</subfield>
        <subfield code='c'>21 cm.</subfield>
      </datafield>
      <datafield ind1=' ' ind2=' ' tag='500'>
        <subfield code='a'>Jan. 1981.</subfield>
      </datafield>
      <datafield ind1=' ' ind2='0' tag='650'>
        <subfield code='a'>Veterans</subfield>
        <subfield code='x'>Legal status, laws, etc.</subfield>
        <subfield code='z'>United States.</subfield>
      </datafield>
      <datafield ind1=' ' ind2='0' tag='650'>
        <subfield code='a'>Military pensions</subfield>
        <subfield code='z'>United States.</subfield>
      </datafield>
      <datafield ind1=' ' ind2='0' tag='650'>
        <subfield code='a'>Veterans</subfield>
        <subfield code='x'>Loans.</subfield>
      </datafield>
      <datafield ind1=' ' ind2='0' tag='650'>
        <subfield code='a'>Veterans</subfield>
        <subfield code='x'>Education.</subfield>
      </datafield>
      <datafield ind1='1' ind2=' ' tag='710'>
        <subfield code='a'>United States.</subfield>
        <subfield code='b'>Veterans Administration.</subfield>
      </datafield>
      <datafield ind1=' ' ind2='0' tag='830'>
        <subfield code='a'>Fact sheet (United States. Veterans Administration) ;</subfield>
        <subfield code='v'>IS-1.</subfield>
      </datafield>
      <datafield ind1=' ' ind2=' ' tag='907'>
        <subfield code='a'>b3726429</subfield>
      </datafield>
      <datafield ind1='9' ind2='1' tag='999'>
        <subfield code='i'>i5173673</subfield>
        <subfield code='l'>dcpf</subfield>
        <subfield code='s'>-</subfield>
        <subfield code='t'>20</subfield>
        <subfield code='c'>1</subfield>
        <subfield code='o'>0</subfield>
        <subfield code='b'>HBBW-0182-00001</subfield>
        <subfield code='p'>086</subfield>
        <subfield code='q'>|aVA 1.34:Is 1/24</subfield>
      </datafield>
  </record>