
  <record>
    <leader>00000cam  2200229Ia 4500</leader>
      <controlfield tag='008'>921222s1969    it            000 0 ita d</controlfield>
      <controlfield tag='001'>8312967</controlfield>
      <controlfield tag='005'>19921222000000.0</controlfield>
      <datafield ind1=' ' ind2=' ' tag='040'>
        <subfield code='a'>ISB</subfield>
        <subfield code='c'>ISB</subfield>
        <subfield code='d'>m/c</subfield>
      </datafield>
      <datafield ind1='1' ind2=' ' tag='100'>
        <subfield code='a'>Savonarola, Girolamo,</subfield>
        <subfield code='d'>1452-1498.</subfield>
      </datafield>
      <datafield ind1='1' ind2='0' tag='240'>
        <subfield code='a'>Expositio super psalmo &apos;Miserere mei Deus&apos;.</subfield>
        <subfield code='l'>Italian.</subfield>
        <subfield code='f'>1969.</subfield>
      </datafield>
      <datafield ind1='1' ind2='0' tag='245'>
        <subfield code='a'>Esposizione e meditazione del salmo Miserere /</subfield>
        <subfield code='c'>(a cura del P. Tito S. Centi).</subfield>
      </datafield>
      <datafield ind1=' ' ind2=' ' tag='260'>
        <subfield code='a'>Firenze :</subfield>
        <subfield code='b'>Libreria Editrice Fiorentina,</subfield>
        <subfield code='c'>1969.</subfield>
      </datafield>
      <datafield ind1=' ' ind2=' ' tag='300'>
        <subfield code='a'>70 p. ;</subfield>
        <subfield code='c'>22 cm.</subfield>
      </datafield>
      <datafield ind1=' ' ind2=' ' tag='500'>
        <subfield code='a'>Date from colophon.</subfield>
      </datafield>
      <datafield ind1=' ' ind2=' ' tag='500'>
        <subfield code='a'>&quot;Estratto dalla Rivista di ascetica e mistica 1968, nn. I, II, III, VI&quot;--Verso of t.p.</subfield>
      </datafield>
      <datafield ind1='0' ind2='0' tag='630'>
        <subfield code='a'>Miserere</subfield>
        <subfield code='v'>Commentaries.</subfield>
      </datafield>
      <datafield ind1='1' ind2=' ' tag='700'>
        <subfield code='a'>Savonarola, Girolamo,</subfield>
        <subfield code='d'>1452-1498.</subfield>
        <subfield code='t'>Esposizione e meditazione del salmo Miserere.</subfield>
        <subfield code='f'>1969.</subfield>
      </datafield>
      <datafield ind1='1' ind2=' ' tag='700'>
        <subfield code='a'>Centi, Tito S.</subfield>
      </datafield>
      <datafield ind1='0' ind2='2' tag='730'>
        <subfield code='a'>Esposizione e meditazione del salmo Miserere.</subfield>
        <subfield code='f'>1969.</subfield>
      </datafield>
      <datafield ind1='0' ind2='2' tag='730'>
        <subfield code='a'>Expositio super psalmo &apos;Miserere mei Deus&apos;.</subfield>
        <subfield code='l'>Italian.</subfield>
        <subfield code='f'>1969.</subfield>
      </datafield>
      <datafield ind1=' ' ind2=' ' tag='907'>
        <subfield code='a'>b1818419</subfield>
      </datafield>
      <datafield ind1='9' ind2='1' tag='999'>
        <subfield code='i'>i2625740</subfield>
        <subfield code='l'>trln</subfield>
        <subfield code='s'>-</subfield>
        <subfield code='t'>0</subfield>
        <subfield code='c'>1</subfield>
        <subfield code='o'>0</subfield>
        <subfield code='b'>00032382029</subfield>
        <subfield code='p'>090</subfield>
        <subfield code='q'>|aBS1430.3 .S38</subfield>
      </datafield>
  </record>