
  <record>
    <leader>00000cam  2200301Ia 4500</leader>
      <controlfield tag='006'>m    |o  d |</controlfield>
      <controlfield tag='008'>960604s1874    enk     o     000 0 eng d</controlfield>
      <controlfield tag='007'>cr |n||||||||n</controlfield>
      <controlfield tag='001'>NCCO003188</controlfield>
      <controlfield tag='003'>MiFhGG</controlfield>
      <controlfield tag='005'>20130130173414.0</controlfield>
      <datafield ind1=' ' ind2=' ' tag='035'>
        <subfield code='a'>(OCoLC)830948386</subfield>
      </datafield>
      <datafield ind1=' ' ind2=' ' tag='040'>
        <subfield code='a'>MIGCL</subfield>
        <subfield code='c'>UtOrBLW</subfield>
      </datafield>
      <datafield ind1='1' ind2=' ' tag='100'>
        <subfield code='a'>Grueber, C. S.</subfield>
        <subfield code='q'>(Charles Stephen),</subfield>
        <subfield code='d'>1815-1894.</subfield>
      </datafield>
      <datafield ind1='1' ind2='0' tag='245'>
        <subfield code='a'>Decisions on ritual</subfield>
        <subfield code='h'>[electronic resource] :</subfield>
        <subfield code='b'>an appeal to the people of the Church of England by request /</subfield>
        <subfield code='c'>by C.S. Grueber.</subfield>
      </datafield>
      <datafield ind1=' ' ind2=' ' tag='260'>
        <subfield code='a'>Oxford ;</subfield>
        <subfield code='a'>London :</subfield>
        <subfield code='b'>J. Parker,</subfield>
        <subfield code='c'>1874.</subfield>
      </datafield>
      <datafield ind1=' ' ind2=' ' tag='300'>
        <subfield code='a'>1 online resource (15, [1] p.).</subfield>
      </datafield>
      <datafield ind1=' ' ind2=' ' tag='500'>
        <subfield code='a'>Publisher&apos;s advertisement: [1] p. at end.</subfield>
      </datafield>
      <datafield ind1=' ' ind2=' ' tag='500'>
        <subfield code='a'>Reproduction of the original from the Pusey House Library St Giles.</subfield>
      </datafield>
      <datafield ind1='1' ind2=' ' tag='506'>
        <subfield code='a'>Access limited to UNC Chapel Hill-authenticated users.</subfield>
        <subfield code='f'>Unlimited simultaneous users</subfield>
      </datafield>
      <datafield ind1='2' ind2='0' tag='610'>
        <subfield code='a'>Church of England</subfield>
        <subfield code='x'>Liturgy.</subfield>
      </datafield>
      <datafield ind1='0' ind2=' ' tag='773'>
        <subfield code='t'>Nineteenth century collections online (online collection). British politics and society. E-books</subfield>
      </datafield>
      <datafield ind1='4' ind2='0' tag='856'>
        <subfield code='y'>Full text available via the UNC-Chapel Hill Libraries</subfield>
        <subfield code='u'>http://libproxy.lib.unc.edu/login?url=http://ncco.galegroup.com/gdc/ncco/MonographsDetailsPage/MonographsDetailsWindow?disableHighlighting=false&amp;prodId=NCCO&amp;action=1&amp;activityType=BasicSearch&amp;javax.portlet.action=viewPortletAction&amp;documentId=GALE%7CKABUDF370674393&amp;dviSelectedPage=1&amp;userGroupName=unc_main</subfield>
        <subfield code='x'>NCCO</subfield>
      </datafield>
      <datafield ind1=' ' ind2=' ' tag='919'>
        <subfield code='a'>NCCO</subfield>
      </datafield>
      <datafield ind1=' ' ind2=' ' tag='907'>
        <subfield code='a'>b7360887</subfield>
      </datafield>
  </record>