
  <record>
    <leader>00000cam  2200385 a 4500</leader>
      <controlfield tag='008'>030411s1927    dcu     ab    000 0 eng c</controlfield>
      <controlfield tag='007'>hd afa012bacp</controlfield>
      <controlfield tag='007'>hd bfa012baap</controlfield>
      <controlfield tag='007'>hd bfa012babp</controlfield>
      <controlfield tag='001'>52042503</controlfield>
      <controlfield tag='005'>20031003095210.0</controlfield>
      <datafield ind1=' ' ind2=' ' tag='040'>
        <subfield code='a'>NOC</subfield>
        <subfield code='c'>NOC</subfield>
      </datafield>
      <datafield ind1=' ' ind2=' ' tag='042'>
        <subfield code='a'>pcc</subfield>
      </datafield>
      <datafield ind1=' ' ind2='4' tag='050'>
        <subfield code='a'>PR1941</subfield>
      </datafield>
      <datafield ind1='1' ind2=' ' tag='100'>
        <subfield code='a'>Tatlock, John S. P.</subfield>
        <subfield code='q'>(John Strong Perry),</subfield>
        <subfield code='d'>1876-1948.</subfield>
      </datafield>
      <datafield ind1='1' ind2='2' tag='245'>
        <subfield code='a'>A concordance to the complete works of Geoffrey Chaucer and to the Romaunt of the Rose</subfield>
        <subfield code='h'>[microform] /</subfield>
        <subfield code='c'>by John S.P. Tatlock and Arthur G. Kennedy.</subfield>
      </datafield>
      <datafield ind1=' ' ind2=' ' tag='260'>
        <subfield code='a'>[Washington, D.C.] :</subfield>
        <subfield code='b'>Carnegie Institution of Washington,</subfield>
        <subfield code='c'>1927.</subfield>
      </datafield>
      <datafield ind1=' ' ind2=' ' tag='300'>
        <subfield code='a'>xiii, 1110 p. ;</subfield>
        <subfield code='c'>28 cm.</subfield>
      </datafield>
      <datafield ind1=' ' ind2=' ' tag='500'>
        <subfield code='a'>&quot;Based on the &apos;Globe&apos; edition of Chaucer&apos;s works&quot;--Introd.</subfield>
      </datafield>
      <datafield ind1=' ' ind2=' ' tag='504'>
        <subfield code='a'>Includes bibliographical references.</subfield>
      </datafield>
      <datafield ind1=' ' ind2=' ' tag='533'>
        <subfield code='a'>Microfilm.</subfield>
        <subfield code='b'>Chapel Hill :</subfield>
        <subfield code='c'>Library Photographic Services, University of North Carolina at Chapel Hill,</subfield>
        <subfield code='d'>2003.</subfield>
        <subfield code='e'>On 1 microfilm reel with another item ; 35 mm.</subfield>
        <subfield code='n'>Master microform (MN 5081.01) held by: NcU.</subfield>
        <subfield code='7'>s2003    ncun a</subfield>
      </datafield>
      <datafield ind1='1' ind2='0' tag='600'>
        <subfield code='a'>Chaucer, Geoffrey,</subfield>
        <subfield code='d'>-1400</subfield>
        <subfield code='v'>Concordances.</subfield>
      </datafield>
      <datafield ind1='0' ind2='0' tag='600'>
        <subfield code='a'>Guillaume,</subfield>
        <subfield code='c'>de Lorris,</subfield>
        <subfield code='d'>active 1230.</subfield>
        <subfield code='t'>Roman de la rose</subfield>
        <subfield code='v'>Concordances.</subfield>
      </datafield>
      <datafield ind1='1' ind2=' ' tag='700'>
        <subfield code='a'>Kennedy, Arthur Garfield,</subfield>
        <subfield code='d'>1880-1954.</subfield>
      </datafield>
      <datafield ind1='1' ind2=' ' tag='776'>
        <subfield code='c'>Original</subfield>
        <subfield code='w'>(DLC)   27006088</subfield>
      </datafield>
      <datafield ind1=' ' ind2='0' tag='830'>
        <subfield code='a'>Carnegie Institution of Washington publication ;</subfield>
        <subfield code='v'>353.</subfield>
      </datafield>
      <datafield ind1=' ' ind2=' ' tag='907'>
        <subfield code='a'>b4256989</subfield>
      </datafield>
      <datafield ind1='9' ind2='1' tag='999'>
        <subfield code='i'>i5825579</subfield>
        <subfield code='l'>dgdda</subfield>
        <subfield code='s'>-</subfield>
        <subfield code='t'>69</subfield>
        <subfield code='c'>1</subfield>
        <subfield code='o'>0</subfield>
        <subfield code='b'>00035817615</subfield>
        <subfield code='p'>099</subfield>
        <subfield code='q'>|a1-5441</subfield>
        <subfield code='v'>pos. 1-2</subfield>
      </datafield>
  </record>