
  <record>
    <leader>00000nam  2200301 i 4500</leader>
      <controlfield tag='008'>780411s1976    dcua     b   f000 0 eng d</controlfield>
      <controlfield tag='001'>3795161</controlfield>
      <datafield ind1=' ' ind2=' ' tag='035'>
        <subfield code='a'>(GPO)78011693</subfield>
      </datafield>
      <datafield ind1=' ' ind2=' ' tag='037'>
        <subfield code='b'>22161</subfield>
      </datafield>
      <datafield ind1=' ' ind2=' ' tag='040'>
        <subfield code='c'>GPO</subfield>
        <subfield code='d'>MvI-ran</subfield>
        <subfield code='d'>MvI-ran</subfield>
      </datafield>
      <datafield ind1=' ' ind2=' ' tag='074'>
        <subfield code='a'>830-H-13</subfield>
      </datafield>
      <datafield ind1='0' ind2=' ' tag='086'>
        <subfield code='a'>NAS 1.14:D-8305</subfield>
      </datafield>
      <datafield ind1='1' ind2=' ' tag='100'>
        <subfield code='a'>Goodykoontz, Jack H.</subfield>
      </datafield>
      <datafield ind1='1' ind2='0' tag='245'>
        <subfield code='a'>Effect of simulated forward airspeed on small-scale-models externally blown flap noise /</subfield>
        <subfield code='c'>Jack K. Goodykoontz, Robert G. Dorsch, and William A. Olsen.</subfield>
      </datafield>
      <datafield ind1=' ' ind2=' ' tag='260'>
        <subfield code='a'>Washington :</subfield>
        <subfield code='b'>National Aeronautics and Space Administration ;</subfield>
        <subfield code='b'>Springfield, Va. :</subfield>
        <subfield code='b'>for sale by the National Technical Information Service,</subfield>
        <subfield code='c'>1976.</subfield>
      </datafield>
      <datafield ind1=' ' ind2=' ' tag='300'>
        <subfield code='a'>56 p. :</subfield>
        <subfield code='b'>ill. ;</subfield>
        <subfield code='c'>27 cm.</subfield>
      </datafield>
      <datafield ind1=' ' ind2=' ' tag='500'>
        <subfield code='a'>Issued Sept. 1976.</subfield>
      </datafield>
      <datafield ind1=' ' ind2=' ' tag='504'>
        <subfield code='a'>Includes bibliographical references.</subfield>
      </datafield>
      <datafield ind1=' ' ind2='0' tag='650'>
        <subfield code='a'>Airplanes</subfield>
        <subfield code='x'>Noise.</subfield>
      </datafield>
      <datafield ind1='1' ind2=' ' tag='700'>
        <subfield code='a'>Dorsch, Robert G.</subfield>
      </datafield>
      <datafield ind1='1' ind2=' ' tag='700'>
        <subfield code='a'>Olsen, William A.</subfield>
      </datafield>
      <datafield ind1='1' ind2=' ' tag='710'>
        <subfield code='a'>United States.</subfield>
        <subfield code='b'>National Aeronautics and Space Administration.</subfield>
      </datafield>
      <datafield ind1=' ' ind2='0' tag='830'>
        <subfield code='a'>NASA technical note ;</subfield>
        <subfield code='v'>D-8305.</subfield>
      </datafield>
      <datafield ind1=' ' ind2=' ' tag='907'>
        <subfield code='a'>b3649320</subfield>
      </datafield>
      <datafield ind1='9' ind2='1' tag='999'>
        <subfield code='i'>i5092607</subfield>
        <subfield code='l'>dcpf</subfield>
        <subfield code='s'>-</subfield>
        <subfield code='t'>20</subfield>
        <subfield code='c'>1</subfield>
        <subfield code='o'>0</subfield>
        <subfield code='b'>HBBF-9457-00001</subfield>
        <subfield code='p'>086</subfield>
        <subfield code='q'>|aNAS 1.14:D-8305</subfield>
      </datafield>
  </record>