
  <record>
    <leader>00000cam a2200397 i 4500</leader>
      <controlfield tag='008'>150706s2015    enk      b    001 0 eng d</controlfield>
      <controlfield tag='001'>913198409</controlfield>
      <controlfield tag='003'>OCoLC</controlfield>
      <controlfield tag='005'>20150709052404.1</controlfield>
      <datafield ind1=' ' ind2=' ' tag='020'>
        <subfield code='a'>9781137521460 (hardback)</subfield>
      </datafield>
      <datafield ind1=' ' ind2=' ' tag='020'>
        <subfield code='a'>1137521465 (hardback)</subfield>
      </datafield>
      <datafield ind1=' ' ind2=' ' tag='020'>
        <subfield code='z'>9781137521477 (electronic bk.)</subfield>
      </datafield>
      <datafield ind1=' ' ind2=' ' tag='020'>
        <subfield code='z'>1137521473 (electronic bk.)</subfield>
      </datafield>
      <datafield ind1=' ' ind2=' ' tag='035'>
        <subfield code='a'>(OCoLC)913198409</subfield>
      </datafield>
      <datafield ind1=' ' ind2=' ' tag='040'>
        <subfield code='a'>CDX</subfield>
        <subfield code='b'>eng</subfield>
        <subfield code='e'>rda</subfield>
        <subfield code='c'>CDX</subfield>
        <subfield code='d'>NhCcYBP</subfield>
      </datafield>
      <datafield ind1=' ' ind2='4' tag='050'>
        <subfield code='a'>JV6347</subfield>
        <subfield code='b'>.G46 2015</subfield>
      </datafield>
      <datafield ind1='0' ind2='4' tag='082'>
        <subfield code='a'>305.9/06912082</subfield>
        <subfield code='2'>23</subfield>
      </datafield>
      <datafield ind1='0' ind2='0' tag='245'>
        <subfield code='a'>Gendered journeys :</subfield>
        <subfield code='b'>women, migration and feminist psychology /</subfield>
        <subfield code='c'>edited by Oliva M. Espín and Andrea L. Dottolo.</subfield>
      </datafield>
      <datafield ind1=' ' ind2='1' tag='264'>
        <subfield code='a'>Houndmills, Basingstoke, Hampshire :</subfield>
        <subfield code='b'>Palgrave Macmillan,</subfield>
        <subfield code='c'>2015.</subfield>
      </datafield>
      <datafield ind1=' ' ind2=' ' tag='300'>
        <subfield code='a'>xviii, 314 pages ;</subfield>
        <subfield code='c'>23 cm</subfield>
      </datafield>
      <datafield ind1=' ' ind2=' ' tag='336'>
        <subfield code='a'>text</subfield>
        <subfield code='b'>txt</subfield>
        <subfield code='2'>rdacontent</subfield>
      </datafield>
      <datafield ind1=' ' ind2=' ' tag='337'>
        <subfield code='a'>unmediated</subfield>
        <subfield code='b'>n</subfield>
        <subfield code='2'>rdamedia</subfield>
      </datafield>
      <datafield ind1=' ' ind2=' ' tag='338'>
        <subfield code='a'>volume</subfield>
        <subfield code='b'>nc</subfield>
        <subfield code='2'>rdacarrier</subfield>
      </datafield>
      <datafield ind1=' ' ind2=' ' tag='504'>
        <subfield code='a'>Includes bibliographical references and index.</subfield>
      </datafield>
      <datafield ind1=' ' ind2=' ' tag='520'>
        <subfield code='a'>Responding to the flux of migration that has swept across the globe, this authoritative and dynamic collection of scholarship aims to address the question: What about the women? The chapters explain why women&apos;s experiences of migration are necessary and worthy of scholarly feminist psychological attention, examining women&apos;s experiences in and of themselves, not simply as members of a family unit. With topics including memory, language, work, violence, motherhood, and intergenerational impacts of migration, this collection provides a feminist analytical lens through which not only gender, but its intersections with race, ethnicity, class, age, culture, sexuality and other socio-historical/context factors are brought into clearer focus. Accessible to a wide readership, this unique body of scholarship extends and complicates existing conversations on migration.</subfield>
      </datafield>
      <datafield ind1=' ' ind2='0' tag='650'>
        <subfield code='a'>Women immigrants.</subfield>
      </datafield>
      <datafield ind1=' ' ind2='0' tag='650'>
        <subfield code='a'>Women immigrants</subfield>
        <subfield code='x'>Psychology.</subfield>
      </datafield>
      <datafield ind1=' ' ind2='0' tag='650'>
        <subfield code='a'>Feminist psychology.</subfield>
      </datafield>
      <datafield ind1='1' ind2=' ' tag='700'>
        <subfield code='a'>Espin, Oliva M.,</subfield>
        <subfield code='e'>editor.</subfield>
      </datafield>
      <datafield ind1='1' ind2=' ' tag='700'>
        <subfield code='a'>Dottolo, Andrea L.,</subfield>
        <subfield code='e'>editor.</subfield>
      </datafield>
      <datafield ind1=' ' ind2=' ' tag='907'>
        <subfield code='a'>b8309547</subfield>
      </datafield>
      <datafield ind1='9' ind2='1' tag='999'>
        <subfield code='i'>i10831404</subfield>
        <subfield code='l'>ddda</subfield>
        <subfield code='s'>-</subfield>
        <subfield code='t'>0</subfield>
        <subfield code='c'>1</subfield>
        <subfield code='o'>1</subfield>
        <subfield code='d'>20170715</subfield>
        <subfield code='b'>00049189867</subfield>
        <subfield code='p'>050</subfield>
        <subfield code='q'>|aJV6347|b.G46 2015</subfield>
      </datafield>
  </record>