
  <record>
    <leader>00000cam  2200637 a 4500</leader>
      <controlfield tag='008'>040827s2005    enkab    be   001 0 eng  </controlfield>
      <controlfield tag='001'>56414280</controlfield>
      <controlfield tag='003'>OCoLC</controlfield>
      <controlfield tag='005'>20050802081355.0</controlfield>
      <datafield ind1=' ' ind2=' ' tag='010'>
        <subfield code='a'>2004020222</subfield>
      </datafield>
      <datafield ind1=' ' ind2=' ' tag='015'>
        <subfield code='a'>GBA518011</subfield>
        <subfield code='2'>bnb</subfield>
      </datafield>
      <datafield ind1='7' ind2=' ' tag='016'>
        <subfield code='a'>013124206</subfield>
        <subfield code='2'>Uk</subfield>
      </datafield>
      <datafield ind1=' ' ind2=' ' tag='020'>
        <subfield code='a'>0195170555 (set)</subfield>
      </datafield>
      <datafield ind1=' ' ind2=' ' tag='020'>
        <subfield code='a'>019522325X (v. 1 : alk. paper)</subfield>
      </datafield>
      <datafield ind1=' ' ind2=' ' tag='020'>
        <subfield code='a'>0195223268 (v. 2 : alk. paper)</subfield>
      </datafield>
      <datafield ind1=' ' ind2=' ' tag='020'>
        <subfield code='a'>0195223276 (v. 3 : alk. paper)</subfield>
      </datafield>
      <datafield ind1=' ' ind2=' ' tag='020'>
        <subfield code='a'>0195223284 (v. 4 : alk. paper)</subfield>
      </datafield>
      <datafield ind1=' ' ind2=' ' tag='020'>
        <subfield code='a'>0195223292 (v. 5 : alk. paper)</subfield>
      </datafield>
      <datafield ind1='3' ind2=' ' tag='024'>
        <subfield code='a'>9780195170559</subfield>
      </datafield>
      <datafield ind1='3' ind2=' ' tag='024'>
        <subfield code='a'>9780195223255</subfield>
      </datafield>
      <datafield ind1='3' ind2=' ' tag='024'>
        <subfield code='a'>9780195223262</subfield>
      </datafield>
      <datafield ind1='3' ind2=' ' tag='024'>
        <subfield code='a'>9780195223279</subfield>
      </datafield>
      <datafield ind1='3' ind2=' ' tag='024'>
        <subfield code='a'>9780195223286</subfield>
      </datafield>
      <datafield ind1='3' ind2=' ' tag='024'>
        <subfield code='a'>9780195223293</subfield>
      </datafield>
      <datafield ind1=' ' ind2=' ' tag='035'>
        <subfield code='a'>(OCoLC)56414280</subfield>
      </datafield>
      <datafield ind1=' ' ind2=' ' tag='040'>
        <subfield code='a'>DLC</subfield>
        <subfield code='c'>DLC</subfield>
        <subfield code='d'>UKM</subfield>
        <subfield code='d'>BAKER</subfield>
      </datafield>
      <datafield ind1=' ' ind2=' ' tag='043'>
        <subfield code='a'>f------</subfield>
        <subfield code='a'>n-us---</subfield>
      </datafield>
      <datafield ind1=' ' ind2=' ' tag='049'>
        <subfield code='a'>NOCb</subfield>
      </datafield>
      <datafield ind1='0' ind2='0' tag='050'>
        <subfield code='a'>DT14</subfield>
        <subfield code='b'>.A37435 2005</subfield>
      </datafield>
      <datafield ind1='0' ind2='0' tag='082'>
        <subfield code='a'>960/.03</subfield>
        <subfield code='2'>22</subfield>
      </datafield>
      <datafield ind1='0' ind2='0' tag='245'>
        <subfield code='a'>Africana :</subfield>
        <subfield code='b'>the encyclopedia of the African and African American experience /</subfield>
        <subfield code='c'>editors, Kwame Anthony Appiah, Henry Louis Gates, Jr.</subfield>
      </datafield>
      <datafield ind1='3' ind2='0' tag='246'>
        <subfield code='a'>Encyclopedia of the African and African American experience</subfield>
      </datafield>
      <datafield ind1=' ' ind2=' ' tag='250'>
        <subfield code='a'>2nd ed.</subfield>
      </datafield>
      <datafield ind1=' ' ind2=' ' tag='260'>
        <subfield code='a'>Oxford ;</subfield>
        <subfield code='a'>New York :</subfield>
        <subfield code='b'>Oxford University Press,</subfield>
        <subfield code='c'>2005.</subfield>
      </datafield>
      <datafield ind1=' ' ind2=' ' tag='300'>
        <subfield code='a'>5 v. :</subfield>
        <subfield code='b'>ill. (some col.), col. maps ;</subfield>
        <subfield code='c'>29 cm.</subfield>
      </datafield>
      <datafield ind1=' ' ind2=' ' tag='504'>
        <subfield code='a'>Includes bibliographical references (v. 5, p. [529]-547) and index.</subfield>
      </datafield>
      <datafield ind1='0' ind2=' ' tag='505'>
        <subfield code='a'>v. 1. Aardvark-Catholic -- v. 2. Catimbo-Giovanni -- v. 3. Giraffe-Miami -- v. 4. Michael-Sobukwe -- v. 5. Soca-Zydeco, index.</subfield>
      </datafield>
      <datafield ind1=' ' ind2='0' tag='650'>
        <subfield code='a'>Blacks</subfield>
        <subfield code='v'>Encyclopedias.</subfield>
      </datafield>
      <datafield ind1=' ' ind2='0' tag='650'>
        <subfield code='a'>African diaspora</subfield>
        <subfield code='v'>Encyclopedias.</subfield>
      </datafield>
      <datafield ind1=' ' ind2='0' tag='650'>
        <subfield code='a'>African Americans</subfield>
        <subfield code='v'>Encyclopedias.</subfield>
      </datafield>
      <datafield ind1=' ' ind2='0' tag='651'>
        <subfield code='a'>Africa</subfield>
        <subfield code='x'>Civilization</subfield>
        <subfield code='v'>Encyclopedias.</subfield>
      </datafield>
      <datafield ind1='1' ind2=' ' tag='700'>
        <subfield code='a'>Appiah, Anthony.</subfield>
      </datafield>
      <datafield ind1='1' ind2=' ' tag='700'>
        <subfield code='a'>Gates, Henry Louis,</subfield>
        <subfield code='c'>Jr.</subfield>
      </datafield>
      <datafield ind1='4' ind2='8' tag='856'>
        <subfield code='3'>Table of contents only</subfield>
        <subfield code='u'>http://www.loc.gov/catdir/toc/ecip0422/2004020222.html</subfield>
      </datafield>
      <datafield ind1=' ' ind2=' ' tag='907'>
        <subfield code='a'>b4749607</subfield>
      </datafield>
      <datafield ind1='9' ind2='1' tag='999'>
        <subfield code='i'>i6246914</subfield>
        <subfield code='l'>dccd</subfield>
        <subfield code='s'>o</subfield>
        <subfield code='t'>43</subfield>
        <subfield code='c'>1</subfield>
        <subfield code='o'>0</subfield>
        <subfield code='b'>00025113430</subfield>
        <subfield code='p'>050</subfield>
        <subfield code='q'>|aDT14|b.A37435 2005</subfield>
        <subfield code='v'>v.1</subfield>
      </datafield>
      <datafield ind1='9' ind2='1' tag='999'>
        <subfield code='i'>i6246915</subfield>
        <subfield code='l'>dccd</subfield>
        <subfield code='s'>o</subfield>
        <subfield code='t'>43</subfield>
        <subfield code='c'>1</subfield>
        <subfield code='o'>0</subfield>
        <subfield code='b'>00025113449</subfield>
        <subfield code='p'>050</subfield>
        <subfield code='q'>|aDT14|b.A37435 2005</subfield>
        <subfield code='v'>v.2</subfield>
      </datafield>
      <datafield ind1='9' ind2='1' tag='999'>
        <subfield code='i'>i6246916</subfield>
        <subfield code='l'>dccd</subfield>
        <subfield code='s'>o</subfield>
        <subfield code='t'>43</subfield>
        <subfield code='c'>1</subfield>
        <subfield code='o'>0</subfield>
        <subfield code='b'>00025113458</subfield>
        <subfield code='p'>050</subfield>
        <subfield code='q'>|aDT14|b.A37435 2005</subfield>
        <subfield code='v'>v.3</subfield>
      </datafield>
      <datafield ind1='9' ind2='1' tag='999'>
        <subfield code='i'>i6246917</subfield>
        <subfield code='l'>dccd</subfield>
        <subfield code='s'>o</subfield>
        <subfield code='t'>43</subfield>
        <subfield code='c'>1</subfield>
        <subfield code='o'>0</subfield>
        <subfield code='b'>00025113467</subfield>
        <subfield code='p'>050</subfield>
        <subfield code='q'>|aDT14|b.A37435 2005</subfield>
        <subfield code='v'>v.4</subfield>
      </datafield>
      <datafield ind1='9' ind2='1' tag='999'>
        <subfield code='i'>i6246918</subfield>
        <subfield code='l'>dccd</subfield>
        <subfield code='s'>o</subfield>
        <subfield code='t'>43</subfield>
        <subfield code='c'>1</subfield>
        <subfield code='o'>0</subfield>
        <subfield code='b'>00025113476</subfield>
        <subfield code='p'>050</subfield>
        <subfield code='q'>|aDT14|b.A37435 2005</subfield>
        <subfield code='v'>v.5</subfield>
      </datafield>
      <datafield ind1='9' ind2='1' tag='999'>
        <subfield code='i'>i6310090</subfield>
        <subfield code='l'>ssca</subfield>
        <subfield code='s'>o</subfield>
        <subfield code='t'>0</subfield>
        <subfield code='c'>2</subfield>
        <subfield code='o'>0</subfield>
        <subfield code='b'>00025350110</subfield>
        <subfield code='p'>050</subfield>
        <subfield code='q'>|aDT14|b.A37435 2005</subfield>
        <subfield code='v'>v.1</subfield>
      </datafield>
      <datafield ind1='9' ind2='1' tag='999'>
        <subfield code='i'>i6310096</subfield>
        <subfield code='l'>ssca</subfield>
        <subfield code='s'>o</subfield>
        <subfield code='t'>0</subfield>
        <subfield code='c'>2</subfield>
        <subfield code='o'>0</subfield>
        <subfield code='b'>00025350129</subfield>
        <subfield code='p'>050</subfield>
        <subfield code='q'>|aDT14|b.A37435 2005</subfield>
        <subfield code='v'>v.2</subfield>
      </datafield>
      <datafield ind1='9' ind2='1' tag='999'>
        <subfield code='i'>i6310103</subfield>
        <subfield code='l'>ssca</subfield>
        <subfield code='s'>o</subfield>
        <subfield code='t'>0</subfield>
        <subfield code='c'>2</subfield>
        <subfield code='o'>0</subfield>
        <subfield code='b'>00025350138</subfield>
        <subfield code='p'>050</subfield>
        <subfield code='q'>|aDT14|b.A37435 2005</subfield>
        <subfield code='v'>v.3</subfield>
      </datafield>
      <datafield ind1='9' ind2='1' tag='999'>
        <subfield code='i'>i6310110</subfield>
        <subfield code='l'>ssca</subfield>
        <subfield code='s'>o</subfield>
        <subfield code='t'>0</subfield>
        <subfield code='c'>2</subfield>
        <subfield code='o'>0</subfield>
        <subfield code='b'>00025350147</subfield>
        <subfield code='p'>050</subfield>
        <subfield code='q'>|aDT14|b.A37435 2005</subfield>
        <subfield code='v'>v.4</subfield>
      </datafield>
      <datafield ind1='9' ind2='1' tag='999'>
        <subfield code='i'>i6310113</subfield>
        <subfield code='l'>ssca</subfield>
        <subfield code='s'>o</subfield>
        <subfield code='t'>0</subfield>
        <subfield code='c'>2</subfield>
        <subfield code='o'>0</subfield>
        <subfield code='b'>00025350156</subfield>
        <subfield code='p'>050</subfield>
        <subfield code='q'>|aDT14|b.A37435 2005</subfield>
        <subfield code='v'>v.5</subfield>
      </datafield>
      <datafield ind1='9' ind2='2' tag='999'>
        <subfield code='a'>c4655778</subfield>
        <subfield code='b'>dccd</subfield>
        <subfield code='c'>0</subfield>
      </datafield>
      <datafield ind1='9' ind2='3' tag='999'>
        <subfield code='0'>c4655778</subfield>
        <subfield code='2'>852</subfield>
        <subfield code='3'>c</subfield>
        <subfield code='h'>DT14</subfield>
        <subfield code='i'>.A37435 2005</subfield>
      </datafield>
      <datafield ind1='9' ind2='3' tag='999'>
        <subfield code='0'>c4655778</subfield>
        <subfield code='2'>853</subfield>
        <subfield code='3'>y</subfield>
        <subfield code='8'>1</subfield>
        <subfield code='a'>v.</subfield>
        <subfield code='t'>c.</subfield>
      </datafield>
      <datafield ind1='9' ind2='3' tag='999'>
        <subfield code='0'>c4655778</subfield>
        <subfield code='2'>866</subfield>
        <subfield code='3'>h</subfield>
        <subfield code='8'>0</subfield>
        <subfield code='a'>v.1-5</subfield>
      </datafield>
      <datafield ind1='9' ind2='2' tag='999'>
        <subfield code='a'>c4655780</subfield>
        <subfield code='b'>ssca</subfield>
        <subfield code='c'>0</subfield>
      </datafield>
      <datafield ind1='9' ind2='3' tag='999'>
        <subfield code='0'>c4655780</subfield>
        <subfield code='2'>852</subfield>
        <subfield code='3'>c</subfield>
        <subfield code='h'>DT14</subfield>
        <subfield code='i'>.A37435 2005</subfield>
      </datafield>
      <datafield ind1='9' ind2='3' tag='999'>
        <subfield code='0'>c4655780</subfield>
        <subfield code='2'>853</subfield>
        <subfield code='3'>y</subfield>
        <subfield code='8'>1</subfield>
        <subfield code='a'>v.</subfield>
        <subfield code='t'>c.</subfield>
      </datafield>
      <datafield ind1='9' ind2='3' tag='999'>
        <subfield code='0'>c4655780</subfield>
        <subfield code='2'>866</subfield>
        <subfield code='3'>h</subfield>
        <subfield code='8'>0</subfield>
        <subfield code='a'>v.1-5</subfield>
      </datafield>
  </record>