
  <record>
    <leader>00000cam  22003254a 4500</leader>
      <controlfield tag='008'>030808s2004    mdua     b    001 0 eng  </controlfield>
      <controlfield tag='001'>52860162</controlfield>
      <controlfield tag='005'>20040405120851.0</controlfield>
      <datafield ind1=' ' ind2=' ' tag='010'>
        <subfield code='a'>2003060651</subfield>
      </datafield>
      <datafield ind1=' ' ind2=' ' tag='020'>
        <subfield code='a'>155766675X</subfield>
      </datafield>
      <datafield ind1=' ' ind2=' ' tag='040'>
        <subfield code='a'>DLC</subfield>
        <subfield code='c'>DLC</subfield>
        <subfield code='d'>CUX</subfield>
        <subfield code='d'>NLM</subfield>
        <subfield code='d'>NOH</subfield>
      </datafield>
      <datafield ind1=' ' ind2=' ' tag='042'>
        <subfield code='a'>pcc</subfield>
      </datafield>
      <datafield ind1='0' ind2='0' tag='050'>
        <subfield code='a'>RJ253.5</subfield>
        <subfield code='b'>.V47 2004</subfield>
      </datafield>
      <datafield ind1='0' ind2='0' tag='060'>
        <subfield code='a'>2004 A-072</subfield>
      </datafield>
      <datafield ind1='1' ind2='0' tag='060'>
        <subfield code='a'>WS 421</subfield>
        <subfield code='b'>V494d 2004</subfield>
      </datafield>
      <datafield ind1='0' ind2='0' tag='082'>
        <subfield code='a'>618.92/01</subfield>
        <subfield code='2'>22</subfield>
      </datafield>
      <datafield ind1='1' ind2=' ' tag='100'>
        <subfield code='a'>Vergara, Elsie.</subfield>
      </datafield>
      <datafield ind1='1' ind2='0' tag='245'>
        <subfield code='a'>Developmental and therapeutic interventions in the NICU /</subfield>
        <subfield code='c'>by Elsie R. Vergara and Rosemarie Bigsby.</subfield>
      </datafield>
      <datafield ind1=' ' ind2=' ' tag='260'>
        <subfield code='a'>Baltimore :</subfield>
        <subfield code='b'>Paul H. Brookes,</subfield>
        <subfield code='c'>c2004.</subfield>
      </datafield>
      <datafield ind1=' ' ind2=' ' tag='300'>
        <subfield code='a'>xi, 340 p. :</subfield>
        <subfield code='b'>ill. ;</subfield>
        <subfield code='c'>26 cm.</subfield>
      </datafield>
      <datafield ind1=' ' ind2=' ' tag='504'>
        <subfield code='a'>Includes bibliographical references (p. 293-318) and index.</subfield>
      </datafield>
      <datafield ind1='1' ind2='2' tag='650'>
        <subfield code='a'>Intensive Care Units, Neonatal.</subfield>
      </datafield>
      <datafield ind1=' ' ind2='0' tag='650'>
        <subfield code='a'>Neonatal intensive care.</subfield>
      </datafield>
      <datafield ind1='1' ind2='2' tag='650'>
        <subfield code='a'>Intensive Care, Neonatal.</subfield>
      </datafield>
      <datafield ind1=' ' ind2='0' tag='650'>
        <subfield code='a'>Newborn infants</subfield>
        <subfield code='x'>Development.</subfield>
      </datafield>
      <datafield ind1=' ' ind2='0' tag='650'>
        <subfield code='a'>Newborn infants</subfield>
        <subfield code='x'>Diseases</subfield>
        <subfield code='x'>Treatment.</subfield>
      </datafield>
      <datafield ind1='2' ind2='2' tag='650'>
        <subfield code='a'>Infant, Newborn</subfield>
        <subfield code='x'>growth &amp; development.</subfield>
      </datafield>
      <datafield ind1='2' ind2='2' tag='650'>
        <subfield code='a'>Infant, Newborn, Diseases</subfield>
        <subfield code='x'>therapy.</subfield>
      </datafield>
      <datafield ind1='1' ind2=' ' tag='700'>
        <subfield code='a'>Bigsby, Rosemarie.</subfield>
      </datafield>
      <datafield ind1=' ' ind2=' ' tag='907'>
        <subfield code='a'>b4429125</subfield>
      </datafield>
      <datafield ind1='9' ind2='1' tag='999'>
        <subfield code='i'>i6032952</subfield>
        <subfield code='l'>nohh</subfield>
        <subfield code='s'>-</subfield>
        <subfield code='t'>0</subfield>
        <subfield code='c'>1</subfield>
        <subfield code='o'>9</subfield>
        <subfield code='b'>H00296884.</subfield>
        <subfield code='p'>096</subfield>
        <subfield code='q'>|aWS 421 V494d 2004</subfield>
      </datafield>
  </record>