
  <record>
    <leader>00000cam a2200301   4500</leader>
      <controlfield tag='008'>850722s1973    be a     c   f010 0 frem </controlfield>
      <controlfield tag='001'>886579</controlfield>
      <controlfield tag='005'>19850722000000.0</controlfield>
      <datafield ind1=' ' ind2=' ' tag='010'>
        <subfield code='a'>74159363</subfield>
      </datafield>
      <datafield ind1=' ' ind2=' ' tag='015'>
        <subfield code='a'>Be***</subfield>
      </datafield>
      <datafield ind1=' ' ind2=' ' tag='040'>
        <subfield code='a'>DLC</subfield>
        <subfield code='c'>DLC</subfield>
        <subfield code='d'>m.c.</subfield>
        <subfield code='d'>OCL</subfield>
        <subfield code='d'>NOC</subfield>
      </datafield>
      <datafield ind1=' ' ind2=' ' tag='082'>
        <subfield code='a'>709/.04</subfield>
      </datafield>
      <datafield ind1='0' ind2='0' tag='245'>
        <subfield code='a'>De Ingres à Paul Delvaux.</subfield>
        <subfield code='b'>Œuvres de peintres, sculpteurs, graveurs, membres de l&apos;Académie aux Musées royaux des beaux-arts de Belgique et à la Bibliothèque royale Albert Ier;</subfield>
        <subfield code='c'>présentées à l&apos;occasion du deuxième centenaire de l&apos;Académie royale des sciences, des lettres, et des beaux-arts de Belgique.</subfield>
      </datafield>
      <datafield ind1=' ' ind2=' ' tag='260'>
        <subfield code='a'>Bruxelles,</subfield>
        <subfield code='b'>Palais des académies,</subfield>
        <subfield code='c'>1973.</subfield>
      </datafield>
      <datafield ind1=' ' ind2=' ' tag='300'>
        <subfield code='a'>xxiii, 108 p.</subfield>
        <subfield code='b'>illus. (part col.)</subfield>
        <subfield code='c'>25 cm.</subfield>
      </datafield>
      <datafield ind1=' ' ind2=' ' tag='500'>
        <subfield code='a'>Exhibition catalog.</subfield>
      </datafield>
      <datafield ind1=' ' ind2='0' tag='650'>
        <subfield code='a'>Art, Modern</subfield>
        <subfield code='y'>19th century</subfield>
        <subfield code='v'>Exhibitions.</subfield>
      </datafield>
      <datafield ind1=' ' ind2='0' tag='650'>
        <subfield code='a'>Art, Modern</subfield>
        <subfield code='y'>20th century</subfield>
        <subfield code='v'>Exhibitions.</subfield>
      </datafield>
      <datafield ind1='2' ind2=' ' tag='710'>
        <subfield code='a'>Musées royaux des beaux-arts de Belgique.</subfield>
      </datafield>
      <datafield ind1='2' ind2=' ' tag='710'>
        <subfield code='a'>Bibliothèque royale Albert Ier.</subfield>
      </datafield>
      <datafield ind1='2' ind2=' ' tag='710'>
        <subfield code='a'>Académie royale des sciences, des lettres et des beaux-arts de Belgique.</subfield>
      </datafield>
      <datafield ind1=' ' ind2=' ' tag='907'>
        <subfield code='a'>b1201157</subfield>
      </datafield>
      <datafield ind1='9' ind2='1' tag='999'>
        <subfield code='i'>i1352718</subfield>
        <subfield code='l'>trln</subfield>
        <subfield code='s'>-</subfield>
        <subfield code='t'>0</subfield>
        <subfield code='c'>1</subfield>
        <subfield code='o'>2</subfield>
        <subfield code='b'>00006418352</subfield>
        <subfield code='p'>090</subfield>
        <subfield code='q'>|aN6447 .D4</subfield>
      </datafield>
  </record>