
  <record>
    <leader>00000cam a2200217Ii 4500</leader>
      <controlfield tag='008'>770201s1949    nyu           000 0 eng d</controlfield>
      <controlfield tag='001'>2712931</controlfield>
      <controlfield tag='005'>19790630000000.0</controlfield>
      <datafield ind1=' ' ind2=' ' tag='020'>
        <subfield code='a'>0811200566</subfield>
      </datafield>
      <datafield ind1=' ' ind2=' ' tag='040'>
        <subfield code='a'>CSU</subfield>
        <subfield code='c'>CSU</subfield>
        <subfield code='d'>NOC</subfield>
      </datafield>
      <datafield ind1='1' ind2=' ' tag='100'>
        <subfield code='a'>Goethe, Johann Wolfgang von,</subfield>
        <subfield code='d'>1749-1832.</subfield>
      </datafield>
      <datafield ind1='1' ind2='0' tag='245'>
        <subfield code='a'>Goethe&apos;s Faust :</subfield>
        <subfield code='b'>Part I : a new American translation /</subfield>
        <subfield code='c'>by C. F. MacIntyre.</subfield>
      </datafield>
      <datafield ind1=' ' ind2=' ' tag='260'>
        <subfield code='a'>New York :</subfield>
        <subfield code='b'>New Directions,</subfield>
        <subfield code='c'>c1949.</subfield>
      </datafield>
      <datafield ind1=' ' ind2=' ' tag='300'>
        <subfield code='a'>188 p. ; 22 cm.</subfield>
      </datafield>
      <datafield ind1='1' ind2=' ' tag='700'>
        <subfield code='a'>MacIntyre, C. F.</subfield>
        <subfield code='q'>(Carlyle Ferren),</subfield>
        <subfield code='d'>1890-1967.</subfield>
      </datafield>
      <datafield ind1=' ' ind2='0' tag='830'>
        <subfield code='a'>New Directions paperbook ;</subfield>
        <subfield code='v'>70.</subfield>
      </datafield>
      <datafield ind1=' ' ind2=' ' tag='907'>
        <subfield code='a'>b1425707</subfield>
      </datafield>
      <datafield ind1='9' ind2='1' tag='999'>
        <subfield code='i'>i1980526</subfield>
        <subfield code='l'>ubba</subfield>
        <subfield code='s'>-</subfield>
        <subfield code='t'>72</subfield>
        <subfield code='c'>1</subfield>
        <subfield code='o'>5</subfield>
        <subfield code='b'>00008829592</subfield>
        <subfield code='p'>090</subfield>
        <subfield code='q'>|aPT2026.F2 M21</subfield>
      </datafield>
  </record>