
  <record>
    <leader>00000nam  22002532  4500</leader>
      <controlfield tag='008'>100914s1963    dcu          f000 0 eng d</controlfield>
      <controlfield tag='001'>hsl000729719</controlfield>
      <controlfield tag='003'>DGPO</controlfield>
      <controlfield tag='005'>20130510115055.0</controlfield>
      <datafield ind1=' ' ind2=' ' tag='040'>
        <subfield code='a'>GPO</subfield>
        <subfield code='c'>GPO</subfield>
      </datafield>
      <datafield ind1='0' ind2=' ' tag='086'>
        <subfield code='a'>A 13.78:PNW-1</subfield>
      </datafield>
      <datafield ind1='0' ind2='0' tag='245'>
        <subfield code='a'>Eradicating European pine shoot moth in commercial nurseries with methyl bromide /</subfield>
        <subfield code='c'>by V.M. Carolin and W.K. Coulter.</subfield>
      </datafield>
      <datafield ind1=' ' ind2=' ' tag='260'>
        <subfield code='a'>Portland, Or.,</subfield>
        <subfield code='c'>1963.</subfield>
      </datafield>
      <datafield ind1=' ' ind2=' ' tag='300'>
        <subfield code='a'>[3], 11 p.</subfield>
      </datafield>
      <datafield ind1=' ' ind2=' ' tag='500'>
        <subfield code='a'>May 1963.</subfield>
      </datafield>
      <datafield ind1=' ' ind2=' ' tag='500'>
        <subfield code='a'>Distribution made by issuing office.</subfield>
      </datafield>
      <datafield ind1=' ' ind2=' ' tag='500'>
        <subfield code='a'>4to.</subfield>
      </datafield>
      <datafield ind1=' ' ind2=' ' tag='500'>
        <subfield code='a'>CRDP Project Historic Shelflist record.</subfield>
      </datafield>
      <datafield ind1=' ' ind2='0' tag='650'>
        <subfield code='a'>European pine shoot moth</subfield>
        <subfield code='x'>Control</subfield>
        <subfield code='z'>Northwest, Pacific.</subfield>
      </datafield>
      <datafield ind1=' ' ind2='0' tag='650'>
        <subfield code='a'>Pine</subfield>
        <subfield code='x'>Diseases and pests</subfield>
        <subfield code='x'>Control</subfield>
        <subfield code='z'>Northwest, Pacific.</subfield>
      </datafield>
      <datafield ind1=' ' ind2='0' tag='650'>
        <subfield code='a'>Bromomethane.</subfield>
      </datafield>
      <datafield ind1='2' ind2=' ' tag='710'>
        <subfield code='a'>Pacific Northwest Forest and Range Experiment Station (Portland, Or.)</subfield>
      </datafield>
      <datafield ind1=' ' ind2=' ' tag='907'>
        <subfield code='a'>b7417503</subfield>
      </datafield>
      <datafield ind1='9' ind2='1' tag='999'>
        <subfield code='i'>i10022749</subfield>
        <subfield code='l'>dcpf</subfield>
        <subfield code='s'>-</subfield>
        <subfield code='t'>20</subfield>
        <subfield code='c'>1</subfield>
        <subfield code='o'>0</subfield>
        <subfield code='p'>086</subfield>
        <subfield code='q'>|aA 13.78:PNW-1</subfield>
        <subfield code='n'>Need Help? Ask at Davis RefDesk</subfield>
      </datafield>
  </record>