
  <record>
    <leader>00000cam a2200313Ia 4500</leader>
      <controlfield tag='008'>931013s1993    gw       b    001 0 ger d</controlfield>
      <controlfield tag='001'>28998479</controlfield>
      <controlfield tag='005'>19940630171448.0</controlfield>
      <datafield ind1=' ' ind2=' ' tag='020'>
        <subfield code='a'>3110139669</subfield>
      </datafield>
      <datafield ind1=' ' ind2=' ' tag='040'>
        <subfield code='a'>DWT</subfield>
        <subfield code='c'>DWT</subfield>
        <subfield code='d'>KLF</subfield>
        <subfield code='d'>NOC</subfield>
      </datafield>
      <datafield ind1='1' ind2=' ' tag='100'>
        <subfield code='a'>Müller, Wolfgang Erich.</subfield>
      </datafield>
      <datafield ind1='1' ind2='0' tag='245'>
        <subfield code='a'>Albert Schweitzers Kulturphilosophie im Horizont säkularer Ethik /</subfield>
        <subfield code='c'>Wolfgang Erich Müller.</subfield>
      </datafield>
      <datafield ind1=' ' ind2=' ' tag='260'>
        <subfield code='a'>Berlin ;</subfield>
        <subfield code='a'>New York :</subfield>
        <subfield code='b'>W. de Gruyter,</subfield>
        <subfield code='c'>1993.</subfield>
      </datafield>
      <datafield ind1=' ' ind2=' ' tag='300'>
        <subfield code='a'>ix, 331 p. ;</subfield>
        <subfield code='c'>22 cm.</subfield>
      </datafield>
      <datafield ind1=' ' ind2=' ' tag='504'>
        <subfield code='a'>Includes bibliographical references (p. [317]-327) and index.</subfield>
      </datafield>
      <datafield ind1='1' ind2='0' tag='600'>
        <subfield code='a'>Schweitzer, Albert,</subfield>
        <subfield code='d'>1875-1965</subfield>
        <subfield code='x'>Philosophy.</subfield>
      </datafield>
      <datafield ind1='1' ind2='0' tag='600'>
        <subfield code='a'>Schweitzer, Albert,</subfield>
        <subfield code='d'>1875-1965</subfield>
        <subfield code='x'>Ethics.</subfield>
      </datafield>
      <datafield ind1=' ' ind2='0' tag='650'>
        <subfield code='a'>Civilization</subfield>
        <subfield code='x'>Philosophy.</subfield>
      </datafield>
      <datafield ind1=' ' ind2='0' tag='650'>
        <subfield code='a'>Ethics, Modern</subfield>
        <subfield code='y'>20th century.</subfield>
      </datafield>
      <datafield ind1=' ' ind2='0' tag='830'>
        <subfield code='a'>Theologische Bibliothek Töpelmann ;</subfield>
        <subfield code='v'>59. Bd.</subfield>
      </datafield>
      <datafield ind1=' ' ind2=' ' tag='907'>
        <subfield code='a'>b2598217</subfield>
      </datafield>
      <datafield ind1='9' ind2='1' tag='999'>
        <subfield code='i'>i3735807</subfield>
        <subfield code='l'>ddda</subfield>
        <subfield code='s'>-</subfield>
        <subfield code='t'>0</subfield>
        <subfield code='c'>1</subfield>
        <subfield code='o'>0</subfield>
        <subfield code='b'>00011388624</subfield>
        <subfield code='p'>090</subfield>
        <subfield code='q'>|aB2430.S374 M85 1993</subfield>
      </datafield>
  </record>