
  <record>
    <leader>00000cam  2200301Ia 4500</leader>
      <controlfield tag='008'>910530m19711989fr ab    bde  001 0 fre d</controlfield>
      <controlfield tag='001'>18373922</controlfield>
      <controlfield tag='005'>19910530000000.0</controlfield>
      <datafield ind1=' ' ind2=' ' tag='020'>
        <subfield code='a'>2031517309 (éd. complète)</subfield>
      </datafield>
      <datafield ind1=' ' ind2=' ' tag='020'>
        <subfield code='a'>2035211107 (atlas)</subfield>
      </datafield>
      <datafield ind1=' ' ind2=' ' tag='040'>
        <subfield code='a'>YNG</subfield>
        <subfield code='c'>YNG</subfield>
        <subfield code='d'>NOC</subfield>
      </datafield>
      <datafield ind1='0' ind2='0' tag='245'>
        <subfield code='a'>Encyclopédie française :</subfield>
        <subfield code='b'>EF.</subfield>
      </datafield>
      <datafield ind1=' ' ind2=' ' tag='250'>
        <subfield code='a'>Rev. et corr. éd.</subfield>
      </datafield>
      <datafield ind1=' ' ind2=' ' tag='260'>
        <subfield code='a'>Paris :</subfield>
        <subfield code='b'>Librairie Larousse,</subfield>
        <subfield code='c'>1971-1989.</subfield>
      </datafield>
      <datafield ind1=' ' ind2=' ' tag='300'>
        <subfield code='a'>22 v. :</subfield>
        <subfield code='b'>ill. (some col.), maps ;</subfield>
        <subfield code='c'>30 cm.</subfield>
      </datafield>
      <datafield ind1=' ' ind2=' ' tag='500'>
        <subfield code='a'>Logo on t.p., cover, and spine: EF.</subfield>
      </datafield>
      <datafield ind1=' ' ind2=' ' tag='500'>
        <subfield code='a'>v. 1-20 La Grande encyclopédie -- v. 21. L&apos;index -- [v. 22] Atlas de la France &amp; du monde.</subfield>
      </datafield>
      <datafield ind1=' ' ind2=' ' tag='500'>
        <subfield code='a'>Kept up-to-date by periodic supplements titled: Encyclopédie de notre temps.</subfield>
      </datafield>
      <datafield ind1=' ' ind2=' ' tag='500'>
        <subfield code='a'>Added t.p.: La Grande encyclopédie. Logo on added t.p.: GE.</subfield>
      </datafield>
      <datafield ind1=' ' ind2=' ' tag='504'>
        <subfield code='a'>Includes bibliographical references.</subfield>
      </datafield>
      <datafield ind1=' ' ind2='0' tag='650'>
        <subfield code='a'>Encyclopedias and dictionaries, French.</subfield>
      </datafield>
      <datafield ind1='2' ind2=' ' tag='710'>
        <subfield code='a'>Larousse (Firm)</subfield>
      </datafield>
      <datafield ind1='0' ind2=' ' tag='740'>
        <subfield code='a'>EF.</subfield>
      </datafield>
      <datafield ind1='0' ind2=' ' tag='740'>
        <subfield code='a'>GE.</subfield>
      </datafield>
      <datafield ind1='3' ind2=' ' tag='740'>
        <subfield code='a'>La Grande encyclopédie.</subfield>
      </datafield>
      <datafield ind1='0' ind2=' ' tag='740'>
        <subfield code='a'>Atlas de la France &amp; du monde.</subfield>
      </datafield>
      <datafield ind1='0' ind2=' ' tag='740'>
        <subfield code='a'>Encyclopédie de notre temps.</subfield>
      </datafield>
      <datafield ind1=' ' ind2=' ' tag='907'>
        <subfield code='a'>b2262387</subfield>
      </datafield>
      <datafield ind1='9' ind2='1' tag='999'>
        <subfield code='i'>i3258796</subfield>
        <subfield code='l'>dddb</subfield>
        <subfield code='s'>-</subfield>
        <subfield code='t'>0</subfield>
        <subfield code='c'>1</subfield>
        <subfield code='o'>0</subfield>
        <subfield code='b'>00007268618</subfield>
        <subfield code='p'>090</subfield>
        <subfield code='q'>|aAE25 .E645 1971</subfield>
        <subfield code='v'>v.1</subfield>
      </datafield>
      <datafield ind1='9' ind2='1' tag='999'>
        <subfield code='i'>i3258797</subfield>
        <subfield code='l'>dddb</subfield>
        <subfield code='s'>-</subfield>
        <subfield code='t'>0</subfield>
        <subfield code='c'>1</subfield>
        <subfield code='o'>0</subfield>
        <subfield code='b'>00007268627</subfield>
        <subfield code='p'>090</subfield>
        <subfield code='q'>|aAE25 .E645 1971</subfield>
        <subfield code='v'>v.2</subfield>
      </datafield>
      <datafield ind1='9' ind2='1' tag='999'>
        <subfield code='i'>i3258798</subfield>
        <subfield code='l'>dddb</subfield>
        <subfield code='s'>-</subfield>
        <subfield code='t'>0</subfield>
        <subfield code='c'>1</subfield>
        <subfield code='o'>0</subfield>
        <subfield code='b'>00007268636</subfield>
        <subfield code='p'>090</subfield>
        <subfield code='q'>|aAE25 .E645 1971</subfield>
        <subfield code='v'>v.3</subfield>
      </datafield>
      <datafield ind1='9' ind2='1' tag='999'>
        <subfield code='i'>i3258799</subfield>
        <subfield code='l'>dddb</subfield>
        <subfield code='s'>-</subfield>
        <subfield code='t'>0</subfield>
        <subfield code='c'>1</subfield>
        <subfield code='o'>0</subfield>
        <subfield code='b'>00007268645</subfield>
        <subfield code='p'>090</subfield>
        <subfield code='q'>|aAE25 .E645 1971</subfield>
        <subfield code='v'>v.4</subfield>
      </datafield>
      <datafield ind1='9' ind2='1' tag='999'>
        <subfield code='i'>i3258800</subfield>
        <subfield code='l'>dddb</subfield>
        <subfield code='s'>-</subfield>
        <subfield code='t'>0</subfield>
        <subfield code='c'>1</subfield>
        <subfield code='o'>1</subfield>
        <subfield code='b'>00007268654</subfield>
        <subfield code='p'>090</subfield>
        <subfield code='q'>|aAE25 .E645 1971</subfield>
        <subfield code='v'>v.5</subfield>
      </datafield>
      <datafield ind1='9' ind2='1' tag='999'>
        <subfield code='i'>i3258801</subfield>
        <subfield code='l'>dddb</subfield>
        <subfield code='s'>-</subfield>
        <subfield code='t'>0</subfield>
        <subfield code='c'>1</subfield>
        <subfield code='o'>0</subfield>
        <subfield code='b'>00007268663</subfield>
        <subfield code='p'>090</subfield>
        <subfield code='q'>|aAE25 .E645 1971</subfield>
        <subfield code='v'>v.6</subfield>
      </datafield>
      <datafield ind1='9' ind2='1' tag='999'>
        <subfield code='i'>i3258802</subfield>
        <subfield code='l'>dddb</subfield>
        <subfield code='s'>-</subfield>
        <subfield code='t'>0</subfield>
        <subfield code='c'>1</subfield>
        <subfield code='o'>0</subfield>
        <subfield code='b'>00015149876</subfield>
        <subfield code='p'>090</subfield>
        <subfield code='q'>|aAE25 .E645 1971</subfield>
        <subfield code='v'>v.7</subfield>
      </datafield>
      <datafield ind1='9' ind2='1' tag='999'>
        <subfield code='i'>i3258803</subfield>
        <subfield code='l'>dddb</subfield>
        <subfield code='s'>-</subfield>
        <subfield code='t'>0</subfield>
        <subfield code='c'>1</subfield>
        <subfield code='o'>0</subfield>
        <subfield code='b'>00007268681</subfield>
        <subfield code='p'>090</subfield>
        <subfield code='q'>|aAE25 .E645 1971</subfield>
        <subfield code='v'>v.8</subfield>
      </datafield>
      <datafield ind1='9' ind2='1' tag='999'>
        <subfield code='i'>i3258804</subfield>
        <subfield code='l'>dddb</subfield>
        <subfield code='s'>-</subfield>
        <subfield code='t'>0</subfield>
        <subfield code='c'>1</subfield>
        <subfield code='o'>0</subfield>
        <subfield code='b'>00007268690</subfield>
        <subfield code='p'>090</subfield>
        <subfield code='q'>|aAE25 .E645 1971</subfield>
        <subfield code='v'>v.9</subfield>
      </datafield>
      <datafield ind1='9' ind2='1' tag='999'>
        <subfield code='i'>i3258805</subfield>
        <subfield code='l'>dddb</subfield>
        <subfield code='s'>-</subfield>
        <subfield code='t'>0</subfield>
        <subfield code='c'>1</subfield>
        <subfield code='o'>0</subfield>
        <subfield code='b'>00007268707</subfield>
        <subfield code='p'>090</subfield>
        <subfield code='q'>|aAE25 .E645 1971</subfield>
        <subfield code='v'>v.10</subfield>
      </datafield>
      <datafield ind1='9' ind2='1' tag='999'>
        <subfield code='i'>i3258806</subfield>
        <subfield code='l'>dddb</subfield>
        <subfield code='s'>-</subfield>
        <subfield code='t'>0</subfield>
        <subfield code='c'>1</subfield>
        <subfield code='o'>0</subfield>
        <subfield code='b'>00007268716</subfield>
        <subfield code='p'>090</subfield>
        <subfield code='q'>|aAE25 .E645 1971</subfield>
        <subfield code='v'>v.11</subfield>
      </datafield>
      <datafield ind1='9' ind2='1' tag='999'>
        <subfield code='i'>i3258807</subfield>
        <subfield code='l'>dddb</subfield>
        <subfield code='s'>-</subfield>
        <subfield code='t'>0</subfield>
        <subfield code='c'>1</subfield>
        <subfield code='o'>0</subfield>
        <subfield code='b'>00007268725</subfield>
        <subfield code='p'>090</subfield>
        <subfield code='q'>|aAE25 .E645 1971</subfield>
        <subfield code='v'>v.12</subfield>
      </datafield>
      <datafield ind1='9' ind2='1' tag='999'>
        <subfield code='i'>i3258808</subfield>
        <subfield code='l'>dddb</subfield>
        <subfield code='s'>-</subfield>
        <subfield code='t'>0</subfield>
        <subfield code='c'>1</subfield>
        <subfield code='o'>0</subfield>
        <subfield code='b'>00006838899</subfield>
        <subfield code='p'>090</subfield>
        <subfield code='q'>|aAE25 .E645 1971</subfield>
        <subfield code='v'>v.13</subfield>
      </datafield>
      <datafield ind1='9' ind2='1' tag='999'>
        <subfield code='i'>i3258809</subfield>
        <subfield code='l'>dddb</subfield>
        <subfield code='s'>-</subfield>
        <subfield code='t'>0</subfield>
        <subfield code='c'>1</subfield>
        <subfield code='o'>0</subfield>
        <subfield code='b'>00006838906</subfield>
        <subfield code='p'>090</subfield>
        <subfield code='q'>|aAE25 .E645 1971</subfield>
        <subfield code='v'>v.14</subfield>
      </datafield>
      <datafield ind1='9' ind2='1' tag='999'>
        <subfield code='i'>i3258810</subfield>
        <subfield code='l'>dddb</subfield>
        <subfield code='s'>-</subfield>
        <subfield code='t'>0</subfield>
        <subfield code='c'>1</subfield>
        <subfield code='o'>0</subfield>
        <subfield code='b'>00006838915</subfield>
        <subfield code='p'>090</subfield>
        <subfield code='q'>|aAE25 .E645 1971</subfield>
        <subfield code='v'>v.15</subfield>
      </datafield>
      <datafield ind1='9' ind2='1' tag='999'>
        <subfield code='i'>i3258811</subfield>
        <subfield code='l'>dddb</subfield>
        <subfield code='s'>-</subfield>
        <subfield code='t'>0</subfield>
        <subfield code='c'>1</subfield>
        <subfield code='o'>0</subfield>
        <subfield code='b'>00006838924</subfield>
        <subfield code='p'>090</subfield>
        <subfield code='q'>|aAE25 .E645 1971</subfield>
        <subfield code='v'>v.16</subfield>
      </datafield>
      <datafield ind1='9' ind2='1' tag='999'>
        <subfield code='i'>i3258812</subfield>
        <subfield code='l'>dddb</subfield>
        <subfield code='s'>-</subfield>
        <subfield code='t'>0</subfield>
        <subfield code='c'>1</subfield>
        <subfield code='o'>0</subfield>
        <subfield code='b'>00006838933</subfield>
        <subfield code='p'>090</subfield>
        <subfield code='q'>|aAE25 .E645 1971</subfield>
        <subfield code='v'>v.17</subfield>
      </datafield>
      <datafield ind1='9' ind2='1' tag='999'>
        <subfield code='i'>i3258813</subfield>
        <subfield code='l'>dddb</subfield>
        <subfield code='s'>-</subfield>
        <subfield code='t'>0</subfield>
        <subfield code='c'>1</subfield>
        <subfield code='o'>0</subfield>
        <subfield code='b'>00006838942</subfield>
        <subfield code='p'>090</subfield>
        <subfield code='q'>|aAE25 .E645 1971</subfield>
        <subfield code='v'>v.18</subfield>
      </datafield>
      <datafield ind1='9' ind2='1' tag='999'>
        <subfield code='i'>i3258814</subfield>
        <subfield code='l'>dddb</subfield>
        <subfield code='s'>-</subfield>
        <subfield code='t'>0</subfield>
        <subfield code='c'>1</subfield>
        <subfield code='o'>0</subfield>
        <subfield code='b'>00006838951</subfield>
        <subfield code='p'>090</subfield>
        <subfield code='q'>|aAE25 .E645 1971</subfield>
        <subfield code='v'>v.19</subfield>
      </datafield>
      <datafield ind1='9' ind2='1' tag='999'>
        <subfield code='i'>i3258815</subfield>
        <subfield code='l'>dddb</subfield>
        <subfield code='s'>-</subfield>
        <subfield code='t'>0</subfield>
        <subfield code='c'>1</subfield>
        <subfield code='o'>0</subfield>
        <subfield code='b'>00006838960</subfield>
        <subfield code='p'>090</subfield>
        <subfield code='q'>|aAE25 .E645 1971</subfield>
        <subfield code='v'>v.20</subfield>
      </datafield>
      <datafield ind1='9' ind2='1' tag='999'>
        <subfield code='i'>i3258816</subfield>
        <subfield code='l'>dddb</subfield>
        <subfield code='s'>-</subfield>
        <subfield code='t'>0</subfield>
        <subfield code='c'>1</subfield>
        <subfield code='o'>0</subfield>
        <subfield code='b'>00006838979</subfield>
        <subfield code='p'>090</subfield>
        <subfield code='q'>|aAE25 .E645 1971</subfield>
        <subfield code='v'>v.21</subfield>
      </datafield>
      <datafield ind1='9' ind2='1' tag='999'>
        <subfield code='i'>i3258817</subfield>
        <subfield code='l'>dddb</subfield>
        <subfield code='s'>-</subfield>
        <subfield code='t'>0</subfield>
        <subfield code='c'>1</subfield>
        <subfield code='o'>0</subfield>
        <subfield code='b'>00006838988</subfield>
        <subfield code='p'>090</subfield>
        <subfield code='q'>|aAE25 .E645 1971</subfield>
        <subfield code='v'>Suppl.v.22&quot;Atlas&quot;</subfield>
      </datafield>
      <datafield ind1='9' ind2='2' tag='999'>
        <subfield code='a'>c2474663</subfield>
        <subfield code='b'>dddb</subfield>
        <subfield code='c'>0</subfield>
      </datafield>
      <datafield ind1='9' ind2='3' tag='999'>
        <subfield code='0'>c2474663</subfield>
        <subfield code='2'>852</subfield>
        <subfield code='3'>c</subfield>
        <subfield code='b'>555522</subfield>
        <subfield code='h'>AE25</subfield>
        <subfield code='i'>.E645 1971</subfield>
      </datafield>
      <datafield ind1='9' ind2='3' tag='999'>
        <subfield code='0'>c2474663</subfield>
        <subfield code='2'>853</subfield>
        <subfield code='3'>y</subfield>
        <subfield code='8'>1</subfield>
        <subfield code='a'>v.</subfield>
        <subfield code='t'>c.</subfield>
        <subfield code='x'>Tr 5/97 fr Davis Ref.</subfield>
      </datafield>
      <datafield ind1='9' ind2='3' tag='999'>
        <subfield code='0'>c2474663</subfield>
        <subfield code='2'>854</subfield>
        <subfield code='3'>y</subfield>
        <subfield code='8'>1</subfield>
        <subfield code='a'>v.</subfield>
        <subfield code='o'>(unit)</subfield>
        <subfield code='t'>c.</subfield>
      </datafield>
  </record>