
  <record>
    <leader>00000cam  2200289I  4500</leader>
      <controlfield tag='008'>721110s1943    nyuab    b    000 0 eng  </controlfield>
      <controlfield tag='001'>491957</controlfield>
      <controlfield tag='005'>19960321150413.0</controlfield>
      <datafield ind1=' ' ind2=' ' tag='010'>
        <subfield code='a'>43001457</subfield>
      </datafield>
      <datafield ind1=' ' ind2=' ' tag='040'>
        <subfield code='a'>DLC</subfield>
        <subfield code='c'>WSU</subfield>
        <subfield code='d'>SER</subfield>
      </datafield>
      <datafield ind1='0' ind2=' ' tag='050'>
        <subfield code='a'>G126</subfield>
        <subfield code='b'>.W45</subfield>
      </datafield>
      <datafield ind1=' ' ind2=' ' tag='082'>
        <subfield code='a'>330.97</subfield>
      </datafield>
      <datafield ind1='1' ind2=' ' tag='100'>
        <subfield code='a'>White, C. Langdon</subfield>
        <subfield code='q'>(Charles Langdon),</subfield>
        <subfield code='d'>1897-</subfield>
      </datafield>
      <datafield ind1='1' ind2='0' tag='245'>
        <subfield code='a'>Regional geography of Anglo-America /</subfield>
        <subfield code='c'>by C. Langdon White and Edwin J. Foscue.</subfield>
      </datafield>
      <datafield ind1=' ' ind2=' ' tag='260'>
        <subfield code='a'>New York :</subfield>
        <subfield code='b'>Prentice-Hall,</subfield>
        <subfield code='c'>1943.</subfield>
      </datafield>
      <datafield ind1=' ' ind2=' ' tag='300'>
        <subfield code='a'>xxii, 898 p. :</subfield>
        <subfield code='b'>ill., maps ;</subfield>
        <subfield code='c'>24 cm.</subfield>
      </datafield>
      <datafield ind1=' ' ind2=' ' tag='504'>
        <subfield code='a'>Bibliographical foot-notes.</subfield>
      </datafield>
      <datafield ind1=' ' ind2='0' tag='650'>
        <subfield code='a'>Geography.</subfield>
      </datafield>
      <datafield ind1=' ' ind2='0' tag='651'>
        <subfield code='a'>United States</subfield>
        <subfield code='x'>Description and travel.</subfield>
      </datafield>
      <datafield ind1=' ' ind2='0' tag='651'>
        <subfield code='a'>Canada</subfield>
        <subfield code='x'>Description and travel.</subfield>
      </datafield>
      <datafield ind1='1' ind2=' ' tag='700'>
        <subfield code='a'>Foscue, Edwin J.</subfield>
        <subfield code='q'>(Edwin Jay),</subfield>
        <subfield code='d'>1899-1972.</subfield>
      </datafield>
      <datafield ind1=' ' ind2='0' tag='830'>
        <subfield code='a'>Prentice-Hall geography series.</subfield>
      </datafield>
      <datafield ind1=' ' ind2=' ' tag='907'>
        <subfield code='a'>b2810732</subfield>
      </datafield>
      <datafield ind1='9' ind2='1' tag='999'>
        <subfield code='i'>i7305894</subfield>
        <subfield code='l'>trln</subfield>
        <subfield code='s'>-</subfield>
        <subfield code='t'>0</subfield>
        <subfield code='c'>2</subfield>
        <subfield code='o'>0</subfield>
        <subfield code='b'>00030522337</subfield>
        <subfield code='p'>092</subfield>
        <subfield code='q'>|a917 W583r</subfield>
      </datafield>
  </record>