
  <record>
    <leader>00000ccm  2200301Ma 4500</leader>
      <controlfield tag='008'>990604r19961928au syb   hi    n    zxx d</controlfield>
      <controlfield tag='001'>43240453</controlfield>
      <controlfield tag='005'>20020528170303.0</controlfield>
      <datafield ind1='2' ind2=' ' tag='024'>
        <subfield code='a'>M008021268</subfield>
      </datafield>
      <datafield ind1='2' ind2='2' tag='028'>
        <subfield code='a'>W. Ph.V. 131</subfield>
        <subfield code='b'>Wiener Philharmonischer Verlag</subfield>
      </datafield>
      <datafield ind1='3' ind2='0' tag='028'>
        <subfield code='a'>131</subfield>
        <subfield code='b'>Philharmonia Partituren</subfield>
      </datafield>
      <datafield ind1=' ' ind2=' ' tag='040'>
        <subfield code='a'>EQO</subfield>
        <subfield code='c'>EQO</subfield>
        <subfield code='d'>NOC</subfield>
      </datafield>
      <datafield ind1='0' ind2=' ' tag='041'>
        <subfield code='g'>gerengfre</subfield>
      </datafield>
      <datafield ind1='0' ind2=' ' tag='045'>
        <subfield code='b'>d1877</subfield>
      </datafield>
      <datafield ind1=' ' ind2=' ' tag='048'>
        <subfield code='a'>oa</subfield>
      </datafield>
      <datafield ind1='1' ind2=' ' tag='100'>
        <subfield code='a'>Brahms, Johannes,</subfield>
        <subfield code='d'>1833-1897.</subfield>
      </datafield>
      <datafield ind1='1' ind2='0' tag='240'>
        <subfield code='a'>Symphonies,</subfield>
        <subfield code='n'>no. 2, op. 73,</subfield>
        <subfield code='r'>D major</subfield>
      </datafield>
      <datafield ind1='1' ind2='0' tag='245'>
        <subfield code='a'>Symphonie II, D Dur, op. 73 =</subfield>
        <subfield code='b'>D major = ré majeur /</subfield>
        <subfield code='c'>Johannes Brahms.</subfield>
      </datafield>
      <datafield ind1=' ' ind2=' ' tag='260'>
        <subfield code='a'>Wien ;</subfield>
        <subfield code='a'>London :</subfield>
        <subfield code='b'>Universal Edition,</subfield>
        <subfield code='c'>[1996]</subfield>
      </datafield>
      <datafield ind1=' ' ind2=' ' tag='300'>
        <subfield code='a'>1 miniature score (148 p.) :</subfield>
        <subfield code='b'>port. ;</subfield>
        <subfield code='c'>19 cm.</subfield>
      </datafield>
      <datafield ind1=' ' ind2=' ' tag='500'>
        <subfield code='a'>Reprint.</subfield>
      </datafield>
      <datafield ind1=' ' ind2=' ' tag='500'>
        <subfield code='a'>Duration: 43:00.</subfield>
      </datafield>
      <datafield ind1=' ' ind2=' ' tag='500'>
        <subfield code='a'>Critical notes in German, English, and French by Dr. Karl Geiringer.</subfield>
      </datafield>
      <datafield ind1=' ' ind2=' ' tag='500'>
        <subfield code='a'>Publisher&apos;s no.: Philharmonia Partituren no. 131.</subfield>
      </datafield>
      <datafield ind1=' ' ind2='0' tag='650'>
        <subfield code='a'>Symphonies</subfield>
        <subfield code='v'>Scores.</subfield>
      </datafield>
      <datafield ind1=' ' ind2=' ' tag='907'>
        <subfield code='a'>b4151768</subfield>
      </datafield>
      <datafield ind1='9' ind2='1' tag='999'>
        <subfield code='i'>i5693794</subfield>
        <subfield code='l'>mmka</subfield>
        <subfield code='s'>-</subfield>
        <subfield code='t'>45</subfield>
        <subfield code='c'>1</subfield>
        <subfield code='o'>4</subfield>
        <subfield code='b'>00020936524</subfield>
        <subfield code='p'>090</subfield>
        <subfield code='q'>|aM1001 .B8 op.73, U5, 1996</subfield>
      </datafield>
  </record>