
  <record>
    <leader>00000cam  2200277I  4500</leader>
      <controlfield tag='008'>860828s1932    gw a     b    000 0 ger  </controlfield>
      <controlfield tag='001'>14156454</controlfield>
      <controlfield tag='005'>20030501132213.0</controlfield>
      <datafield ind1=' ' ind2=' ' tag='010'>
        <subfield code='a'>32015324</subfield>
      </datafield>
      <datafield ind1=' ' ind2=' ' tag='040'>
        <subfield code='a'>DLC</subfield>
        <subfield code='c'>DRB</subfield>
        <subfield code='d'>DRB</subfield>
        <subfield code='d'>NOC</subfield>
      </datafield>
      <datafield ind1='0' ind2=' ' tag='050'>
        <subfield code='a'>BF241</subfield>
        <subfield code='b'>.K75</subfield>
      </datafield>
      <datafield ind1='1' ind2=' ' tag='100'>
        <subfield code='a'>Krueger, Felix,</subfield>
        <subfield code='d'>1874-1948,</subfield>
        <subfield code='e'>editor.</subfield>
      </datafield>
      <datafield ind1='1' ind2='0' tag='245'>
        <subfield code='a'>Psychologische optik,</subfield>
        <subfield code='c'>Hrsg. von Felix Krueger, mit 99 Abbildungen und einer Übersichtstafel.</subfield>
      </datafield>
      <datafield ind1=' ' ind2=' ' tag='260'>
        <subfield code='a'>München :</subfield>
        <subfield code='b'>C.H. Beck,</subfield>
        <subfield code='c'>1932.</subfield>
      </datafield>
      <datafield ind1=' ' ind2=' ' tag='300'>
        <subfield code='a'>6 p. l., [5]-513 p. incl. illus., tables, diagrs.</subfield>
        <subfield code='b'>fold. tab.</subfield>
        <subfield code='c'>25 cm.</subfield>
      </datafield>
      <datafield ind1=' ' ind2=' ' tag='500'>
        <subfield code='a'>has imprint Nendeln/Liechtenstein, Kraus, 197l.</subfield>
      </datafield>
      <datafield ind1=' ' ind2=' ' tag='504'>
        <subfield code='a'>Contains bibliographical references.</subfield>
      </datafield>
      <datafield ind1=' ' ind2='0' tag='650'>
        <subfield code='a'>Vision.</subfield>
      </datafield>
      <datafield ind1=' ' ind2='0' tag='650'>
        <subfield code='a'>Color vision.</subfield>
      </datafield>
      <datafield ind1=' ' ind2='0' tag='830'>
        <subfield code='a'>Neue psychologische Studien ;</subfield>
        <subfield code='v'>6. Bd.</subfield>
      </datafield>
      <datafield ind1=' ' ind2=' ' tag='907'>
        <subfield code='a'>b4266449</subfield>
      </datafield>
      <datafield ind1='9' ind2='1' tag='999'>
        <subfield code='i'>i5836929</subfield>
        <subfield code='l'>trln</subfield>
        <subfield code='s'>-</subfield>
        <subfield code='t'>0</subfield>
        <subfield code='c'>1</subfield>
        <subfield code='o'>0</subfield>
        <subfield code='b'>00036952510</subfield>
        <subfield code='p'>090</subfield>
        <subfield code='q'>|aBF241 .K75</subfield>
      </datafield>
  </record>