
  <record>
    <leader>00000nam a2200397Ia 4500</leader>
      <controlfield tag='006'>m     o  d</controlfield>
      <controlfield tag='007'>cr cn||||||||a</controlfield>
      <controlfield tag='008'>121015s2013    iau     ob   s001 0 eng d</controlfield>
      <controlfield tag='001'>ebr10685412</controlfield>
      <controlfield tag='003'>CaPaEBR</controlfield>
      <datafield ind1=' ' ind2=' ' tag='010'>
        <subfield code='z'>2012038179</subfield>
      </datafield>
      <datafield ind1=' ' ind2=' ' tag='020'>
        <subfield code='z'>1609381475 (pbk. : alk. paper)</subfield>
      </datafield>
      <datafield ind1=' ' ind2=' ' tag='020'>
        <subfield code='z'>9781609381479 (pbk. : alk. paper)</subfield>
      </datafield>
      <datafield ind1=' ' ind2=' ' tag='020'>
        <subfield code='z'>9781609381486</subfield>
      </datafield>
      <datafield ind1=' ' ind2=' ' tag='035'>
        <subfield code='a'>(OCoLC)840818354</subfield>
      </datafield>
      <datafield ind1=' ' ind2=' ' tag='040'>
        <subfield code='a'>CaPaEBR</subfield>
        <subfield code='c'>CaPaEBR</subfield>
      </datafield>
      <datafield ind1='1' ind2='4' tag='050'>
        <subfield code='a'>PS374.R4</subfield>
        <subfield code='b'>A78 2013eb</subfield>
      </datafield>
      <datafield ind1='0' ind2='4' tag='082'>
        <subfield code='a'>813/.309382</subfield>
        <subfield code='2'>23</subfield>
      </datafield>
      <datafield ind1='1' ind2=' ' tag='100'>
        <subfield code='a'>Arthur, Jason,</subfield>
        <subfield code='d'>1976-</subfield>
      </datafield>
      <datafield ind1='1' ind2='0' tag='245'>
        <subfield code='a'>Violet America</subfield>
        <subfield code='h'>[electronic resource] :</subfield>
        <subfield code='b'>regional cosmopolitanism in U.S. fiction since the Great Depression /</subfield>
        <subfield code='c'>by Jason Arthur.</subfield>
      </datafield>
      <datafield ind1=' ' ind2=' ' tag='260'>
        <subfield code='a'>Iowa City :</subfield>
        <subfield code='b'>University of Iowa Press,</subfield>
        <subfield code='c'>2013.</subfield>
      </datafield>
      <datafield ind1=' ' ind2=' ' tag='300'>
        <subfield code='a'>1 online resource (xxiv, 168 p.)</subfield>
      </datafield>
      <datafield ind1=' ' ind2=' ' tag='504'>
        <subfield code='a'>Includes bibliographical references and index.</subfield>
      </datafield>
      <datafield ind1='1' ind2=' ' tag='506'>
        <subfield code='a'>Access limited to UNC Chapel Hill-authenticated users.</subfield>
        <subfield code='f'>Unlimited simultaneous users</subfield>
      </datafield>
      <datafield ind1=' ' ind2='0' tag='650'>
        <subfield code='a'>American fiction</subfield>
        <subfield code='y'>20th century</subfield>
        <subfield code='x'>History and criticism.</subfield>
      </datafield>
      <datafield ind1=' ' ind2='0' tag='650'>
        <subfield code='a'>Regionalism in literature.</subfield>
      </datafield>
      <datafield ind1=' ' ind2='0' tag='650'>
        <subfield code='a'>Cosmopolitanism in literature.</subfield>
      </datafield>
      <datafield ind1='0' ind2=' ' tag='773'>
        <subfield code='t'>Ebrary academic complete (online collection)</subfield>
      </datafield>
      <datafield ind1=' ' ind2='0' tag='830'>
        <subfield code='a'>New American canon.</subfield>
      </datafield>
      <datafield ind1='4' ind2='0' tag='856'>
        <subfield code='y'>Full text available via the UNC-Chapel Hill Libraries</subfield>
        <subfield code='u'>http://libproxy.lib.unc.edu/login?url=http://site.ebrary.com/lib/uncch/Doc?id=10685412</subfield>
      </datafield>
      <datafield ind1=' ' ind2=' ' tag='907'>
        <subfield code='a'>b8106932</subfield>
      </datafield>
  </record>