
  <record>
    <leader>00000cam a2200601Ii 4500</leader>
      <controlfield tag='006'>m     o  d</controlfield>
      <controlfield tag='007'>cr cnu|||unuuu</controlfield>
      <controlfield tag='008'>140108s2014    enka    ob    000 0 eng d</controlfield>
      <controlfield tag='001'>867723739wcm</controlfield>
      <controlfield tag='003'>OCoLC</controlfield>
      <controlfield tag='005'>20150409065959.3</controlfield>
      <datafield ind1=' ' ind2=' ' tag='019'>
        <subfield code='a'>865536568wcm</subfield>
      </datafield>
      <datafield ind1=' ' ind2=' ' tag='020'>
        <subfield code='a'>1447156048</subfield>
        <subfield code='q'>electronic bk.</subfield>
      </datafield>
      <datafield ind1=' ' ind2=' ' tag='020'>
        <subfield code='a'>9781447156048</subfield>
        <subfield code='q'>electronic bk.</subfield>
      </datafield>
      <datafield ind1=' ' ind2=' ' tag='020'>
        <subfield code='z'>144715603X</subfield>
      </datafield>
      <datafield ind1=' ' ind2=' ' tag='020'>
        <subfield code='z'>9781447156031</subfield>
      </datafield>
      <datafield ind1='7' ind2=' ' tag='024'>
        <subfield code='a'>10.1007/978-1-4471-5604-8</subfield>
        <subfield code='2'>doi</subfield>
      </datafield>
      <datafield ind1=' ' ind2=' ' tag='035'>
        <subfield code='a'>(OCoLC)867723739</subfield>
        <subfield code='z'>(OCoLC)865536568</subfield>
      </datafield>
      <datafield ind1=' ' ind2=' ' tag='040'>
        <subfield code='a'>GW5XE</subfield>
        <subfield code='b'>eng</subfield>
        <subfield code='e'>rda</subfield>
        <subfield code='e'>pn</subfield>
        <subfield code='c'>GW5XE</subfield>
        <subfield code='d'>IDEBK</subfield>
        <subfield code='d'>YDXCP</subfield>
        <subfield code='d'>E7B</subfield>
        <subfield code='d'>N$T</subfield>
        <subfield code='d'>COO</subfield>
        <subfield code='d'>CDX</subfield>
        <subfield code='d'>OHS</subfield>
        <subfield code='d'>GGVRL</subfield>
        <subfield code='d'>OCLCF</subfield>
      </datafield>
      <datafield ind1=' ' ind2='4' tag='050'>
        <subfield code='a'>QA76.9.H85</subfield>
      </datafield>
      <datafield ind1='0' ind2='4' tag='082'>
        <subfield code='a'>004.01/9</subfield>
        <subfield code='2'>23</subfield>
      </datafield>
      <datafield ind1='1' ind2=' ' tag='100'>
        <subfield code='a'>Bainbridge, William Sims,</subfield>
        <subfield code='e'>author.</subfield>
      </datafield>
      <datafield ind1='1' ind2='0' tag='245'>
        <subfield code='a'>Personality capture and emulation /</subfield>
        <subfield code='c'>William Sims Bainbridge.</subfield>
      </datafield>
      <datafield ind1=' ' ind2='1' tag='264'>
        <subfield code='a'>London :</subfield>
        <subfield code='b'>Springer,</subfield>
        <subfield code='c'>2014.</subfield>
      </datafield>
      <datafield ind1=' ' ind2=' ' tag='300'>
        <subfield code='a'>1 online resource (vi, 213 pages) :</subfield>
        <subfield code='b'>illustrations</subfield>
      </datafield>
      <datafield ind1=' ' ind2=' ' tag='336'>
        <subfield code='a'>text</subfield>
        <subfield code='b'>txt</subfield>
        <subfield code='2'>rdacontent</subfield>
      </datafield>
      <datafield ind1=' ' ind2=' ' tag='337'>
        <subfield code='a'>computer</subfield>
        <subfield code='b'>c</subfield>
        <subfield code='2'>rdamedia</subfield>
      </datafield>
      <datafield ind1=' ' ind2=' ' tag='338'>
        <subfield code='a'>online resource</subfield>
        <subfield code='b'>cr</subfield>
        <subfield code='2'>rdacarrier</subfield>
      </datafield>
      <datafield ind1=' ' ind2=' ' tag='504'>
        <subfield code='a'>Includes bibliographical references.</subfield>
      </datafield>
      <datafield ind1='0' ind2=' ' tag='505'>
        <subfield code='a'>Background -- Massive Questionnaires -- Mobile and Ubiquitous Capture -- Recommender Systems -- Cognitive Abilities -- Autobiographical Memories -- Text Analysis -- Virtual Worlds -- Appendix: Ten Personality Capture and Analysis Programs -- Glossary.</subfield>
      </datafield>
      <datafield ind1='1' ind2=' ' tag='506'>
        <subfield code='a'>Access limited to UNC Chapel Hill-authenticated users.</subfield>
        <subfield code='f'>Unlimited simultaneous users</subfield>
      </datafield>
      <datafield ind1=' ' ind2=' ' tag='520'>
        <subfield code='a'>Personality Capture and Emulation is the gateway to an amazing future that actually may be achieved, enabling the preservation and simulation of human personalities at progressively higher levels of fidelity. This challenge is no longer the province merely of uninhibited visionaries, but has become a solid field of research, drawing upon a wide range of information technologies in human-centered computing and cyber-human systems. Even at modest levels of accomplishment, research in this emerging area requires convergence of cognitive, social, and cultural sciences, in cooperation with information engineering and artificial intelligence, thus stimulating new multidisciplinary perspectives. Therefore this book will inspire many specific research and development projects that will produce their own valuable outcomes, even as the totality of the work moves us closer to a major revolution in human life. Will it ever really be possible to transfer a human personality at death to a technology that permits continued life? Or will people come to see themselves as elements in a larger socio-cultural system, for which a societal information system can provide collective immortality even after the demise of individuals? A large number and variety of pilot studies and programming projects are offered as prototypes for research that innovators in many fields may exploit for the achievement of their own goals. Together, they provide an empirical basis to strengthen the intellectual quality of several current debates at the frontiers of the human and information sciences.</subfield>
      </datafield>
      <datafield ind1='0' ind2=' ' tag='588'>
        <subfield code='a'>Online resource; title from PDF title page (SpringerLink, viewed November 18, 2013).</subfield>
      </datafield>
      <datafield ind1=' ' ind2='0' tag='650'>
        <subfield code='a'>Artificial intelligence.</subfield>
      </datafield>
      <datafield ind1=' ' ind2='2' tag='650'>
        <subfield code='a'>Artificial Intelligence.</subfield>
      </datafield>
      <datafield ind1=' ' ind2='2' tag='650'>
        <subfield code='a'>Personality.</subfield>
      </datafield>
      <datafield ind1=' ' ind2='0' tag='650'>
        <subfield code='a'>Human-computer interaction.</subfield>
      </datafield>
      <datafield ind1=' ' ind2='7' tag='650'>
        <subfield code='a'>Artificial intelligence.</subfield>
        <subfield code='2'>fast</subfield>
        <subfield code='0'>(OCoLC)fst00817247</subfield>
      </datafield>
      <datafield ind1=' ' ind2='2' tag='650'>
        <subfield code='a'>User-Computer Interface.</subfield>
      </datafield>
      <datafield ind1=' ' ind2='7' tag='650'>
        <subfield code='a'>Human-computer interaction.</subfield>
        <subfield code='2'>fast</subfield>
        <subfield code='0'>(OCoLC)fst00963494</subfield>
      </datafield>
      <datafield ind1='0' ind2=' ' tag='773'>
        <subfield code='t'>OCLC WorldShare Collection Manager managed collection. EbookMain</subfield>
      </datafield>
      <datafield ind1='0' ind2=' ' tag='773'>
        <subfield code='t'>Springer e-books (online collection). Computer science. 2014</subfield>
      </datafield>
      <datafield ind1='0' ind2='8' tag='776'>
        <subfield code='i'>Print version:</subfield>
        <subfield code='z'>144715603X</subfield>
        <subfield code='z'>9781447156031</subfield>
      </datafield>
      <datafield ind1=' ' ind2='0' tag='830'>
        <subfield code='a'>Human-computer interaction series.</subfield>
        <subfield code='x'>1571-5035</subfield>
      </datafield>
      <datafield ind1='4' ind2='0' tag='856'>
        <subfield code='u'>http://libproxy.lib.unc.edu/login?url=http://link.springer.com/10.1007/978-1-4471-5604-8</subfield>
        <subfield code='y'>Full text available via the UNC-Chapel Hill Libraries</subfield>
      </datafield>
      <datafield ind1=' ' ind2='1' tag='907'>
        <subfield code='a'>b7646927</subfield>
      </datafield>
  </record>