
  <record>
    <leader>00000cam  2200217 a 4500</leader>
      <controlfield tag='008'>010810s2001    onc      b    000 0deng  </controlfield>
      <controlfield tag='001'>47825883</controlfield>
      <controlfield tag='005'>20020411171614.0</controlfield>
      <datafield ind1=' ' ind2=' ' tag='020'>
        <subfield code='a'>1550711350 :</subfield>
        <subfield code='c'>$10.00</subfield>
      </datafield>
      <datafield ind1=' ' ind2=' ' tag='040'>
        <subfield code='a'>NLC</subfield>
        <subfield code='b'>eng</subfield>
        <subfield code='c'>NLC</subfield>
        <subfield code='d'>NOC</subfield>
      </datafield>
      <datafield ind1='0' ind2='0' tag='245'>
        <subfield code='a'>Adele Wiseman :</subfield>
        <subfield code='b'>essays on her works /</subfield>
        <subfield code='c'>edited by Ruth Panofsky.</subfield>
      </datafield>
      <datafield ind1=' ' ind2=' ' tag='260'>
        <subfield code='a'>Toronto :</subfield>
        <subfield code='b'>Guernica,</subfield>
        <subfield code='c'>2001.</subfield>
      </datafield>
      <datafield ind1=' ' ind2=' ' tag='300'>
        <subfield code='a'>170 p. ;</subfield>
        <subfield code='c'>18 cm.</subfield>
      </datafield>
      <datafield ind1=' ' ind2=' ' tag='504'>
        <subfield code='a'>Includes bibliographical references.</subfield>
      </datafield>
      <datafield ind1='1' ind2='0' tag='600'>
        <subfield code='a'>Wiseman, Adele</subfield>
        <subfield code='x'>Criticism and interpretation.</subfield>
      </datafield>
      <datafield ind1='1' ind2=' ' tag='700'>
        <subfield code='a'>Panofsky, Ruth.</subfield>
      </datafield>
      <datafield ind1=' ' ind2='0' tag='830'>
        <subfield code='a'>Writers series (Toronto, Ont.) ;</subfield>
        <subfield code='v'>7.</subfield>
      </datafield>
      <datafield ind1=' ' ind2=' ' tag='907'>
        <subfield code='a'>b4118300</subfield>
      </datafield>
      <datafield ind1='9' ind2='1' tag='999'>
        <subfield code='i'>i5655254</subfield>
        <subfield code='l'>ddda</subfield>
        <subfield code='s'>-</subfield>
        <subfield code='t'>0</subfield>
        <subfield code='c'>1</subfield>
        <subfield code='o'>1</subfield>
        <subfield code='b'>00020796337</subfield>
        <subfield code='p'>090</subfield>
        <subfield code='q'>|aPR9199.3.W54 A3 2001</subfield>
      </datafield>
  </record>