
  <record>
    <leader>00000cam  22004334a 4500</leader>
      <controlfield tag='008'>070917s2008    nyuaf    b    001 0 eng  </controlfield>
      <controlfield tag='001'>166361290</controlfield>
      <controlfield tag='003'>OCoLC</controlfield>
      <controlfield tag='005'>20080708011139.0</controlfield>
      <datafield ind1=' ' ind2=' ' tag='010'>
        <subfield code='a'>2007037960</subfield>
      </datafield>
      <datafield ind1=' ' ind2=' ' tag='015'>
        <subfield code='a'>GBA806171</subfield>
        <subfield code='2'>bnb</subfield>
      </datafield>
      <datafield ind1='7' ind2=' ' tag='016'>
        <subfield code='a'>014493100</subfield>
        <subfield code='2'>Uk</subfield>
      </datafield>
      <datafield ind1=' ' ind2=' ' tag='020'>
        <subfield code='a'>9780415442305 (hardback : alk. paper)</subfield>
      </datafield>
      <datafield ind1=' ' ind2=' ' tag='020'>
        <subfield code='a'>0415442303 (hardback : alk. paper)</subfield>
      </datafield>
      <datafield ind1=' ' ind2=' ' tag='020'>
        <subfield code='a'>9780415442312 (pbk. : alk. paper)</subfield>
      </datafield>
      <datafield ind1=' ' ind2=' ' tag='020'>
        <subfield code='a'>0415442311 (pbk. : alk. paper)</subfield>
      </datafield>
      <datafield ind1=' ' ind2=' ' tag='035'>
        <subfield code='a'>(OCoLC)166361290</subfield>
      </datafield>
      <datafield ind1=' ' ind2=' ' tag='040'>
        <subfield code='a'>DLC</subfield>
        <subfield code='c'>DLC</subfield>
        <subfield code='d'>BTCTA</subfield>
        <subfield code='d'>BAKER</subfield>
        <subfield code='d'>YDXCP</subfield>
        <subfield code='d'>UKM</subfield>
        <subfield code='d'>NLGGC</subfield>
        <subfield code='d'>OCLCG</subfield>
        <subfield code='d'>C#P</subfield>
        <subfield code='d'>BWX</subfield>
        <subfield code='d'>CDX</subfield>
      </datafield>
      <datafield ind1=' ' ind2=' ' tag='049'>
        <subfield code='a'>NOCC</subfield>
      </datafield>
      <datafield ind1='0' ind2='0' tag='050'>
        <subfield code='a'>BL65.T47</subfield>
        <subfield code='b'>R46 2008</subfield>
      </datafield>
      <datafield ind1='0' ind2='0' tag='082'>
        <subfield code='a'>201/.763325</subfield>
        <subfield code='2'>22</subfield>
      </datafield>
      <datafield ind1='0' ind2='0' tag='245'>
        <subfield code='a'>Religion, terror and violence :</subfield>
        <subfield code='b'>religious studies perspectives /</subfield>
        <subfield code='c'>edited by Bryan Rennie and Philip L. Tite.</subfield>
      </datafield>
      <datafield ind1=' ' ind2=' ' tag='260'>
        <subfield code='a'>New York :</subfield>
        <subfield code='b'>Routledge,</subfield>
        <subfield code='c'>2008.</subfield>
      </datafield>
      <datafield ind1=' ' ind2=' ' tag='300'>
        <subfield code='a'>xviii, 290 p., [4] p. of plates :</subfield>
        <subfield code='b'>ill. (chiefly col.) ;</subfield>
        <subfield code='c'>25 cm.</subfield>
      </datafield>
      <datafield ind1=' ' ind2=' ' tag='504'>
        <subfield code='a'>Includes bibliographical references and index.</subfield>
      </datafield>
      <datafield ind1='0' ind2=' ' tag='505'>
        <subfield code='a'>Sacred violence and the scholar of religion as public intellectual / Philip L. Tite -- Violence internal and external / Robert A. Segal -- Savage civil religion / Paul Christopher Johnson -- The rhetoric of evil and eradicating terrorism / Caryn D. Riswold -- The tricks and treats of classification : searching for the heart of authentic Islam / Russell T. McCutcheon -- Discussion : rhetorical reflections / Anna S. King -- A new paradigm of international relations? reflections after September 11, 2001 / Hans Küng -- Can love save the world? / Walter Wink -- Discussion: theological reflections / Samuel M. Powell -- Religious terror and global war / Mark Juergensmeyer -- Jihad and Islamic history / Jonathan E. Brockopp -- The roots of public attitudes toward state accommodation of European Muslims&apos; religious practices before and after September 11 / Joel S. Fetzer and J. Christopher Soper -- Buddhist perspectives on terrorism / Martin T. Adam and Wayne Codling -- Discussion: historical and social reflections / Michel Desjardins -- Teaching Islam through and after September 11 : towards a progressive Muslim agenda / Omid Safi -- Islam within the context of higher education / Zayn Kassam -- Thoughts on being a scholar of Islam and a Muslim in America post-9/11 / Amir Hussain -- Discussion : pedagogical and professional reflections / Susan E. Henking -- Seeing what is missing : art, artists, and September 11 / Maureen Korp -- Religion, violence, and the pursuit of truth / Bryan Rennie.</subfield>
      </datafield>
      <datafield ind1=' ' ind2='0' tag='650'>
        <subfield code='a'>Violence</subfield>
        <subfield code='x'>Religious aspects.</subfield>
      </datafield>
      <datafield ind1=' ' ind2='0' tag='650'>
        <subfield code='a'>Terrorism</subfield>
        <subfield code='x'>Religious aspects.</subfield>
      </datafield>
      <datafield ind1='1' ind2='7' tag='650'>
        <subfield code='a'>Geweld.</subfield>
        <subfield code='2'>gtt</subfield>
      </datafield>
      <datafield ind1='1' ind2='7' tag='650'>
        <subfield code='a'>Terrorisme.</subfield>
        <subfield code='2'>gtt</subfield>
      </datafield>
      <datafield ind1='1' ind2='7' tag='650'>
        <subfield code='a'>Religieuze aspecten.</subfield>
        <subfield code='2'>gtt</subfield>
      </datafield>
      <datafield ind1='1' ind2=' ' tag='700'>
        <subfield code='a'>Rennie, Bryan S.,</subfield>
        <subfield code='d'>1954-</subfield>
      </datafield>
      <datafield ind1='1' ind2=' ' tag='700'>
        <subfield code='a'>Tite, Philip L.,</subfield>
        <subfield code='d'>1969-</subfield>
      </datafield>
      <datafield ind1=' ' ind2=' ' tag='907'>
        <subfield code='a'>b5637954</subfield>
      </datafield>
      <datafield ind1='9' ind2='1' tag='999'>
        <subfield code='i'>i7402647</subfield>
        <subfield code='l'>ddda</subfield>
        <subfield code='s'>-</subfield>
        <subfield code='t'>0</subfield>
        <subfield code='c'>1</subfield>
        <subfield code='o'>0</subfield>
        <subfield code='b'>00031008837</subfield>
        <subfield code='p'>050</subfield>
        <subfield code='q'>|aBL65.T47|bR46 2008</subfield>
      </datafield>
  </record>