
  <record>
    <leader>00000nam  2200409 a 4500</leader>
      <controlfield tag='008'>910227m19919999dcua     bf  f001 0 eng d</controlfield>
      <controlfield tag='001'>23161661</controlfield>
      <controlfield tag='005'>19910227105958.</controlfield>
      <datafield ind1=' ' ind2=' ' tag='035'>
        <subfield code='a'>(GPO)91066371</subfield>
      </datafield>
      <datafield ind1=' ' ind2=' ' tag='037'>
        <subfield code='a'>PIN:034774-000</subfield>
        <subfield code='b'>DA</subfield>
      </datafield>
      <datafield ind1=' ' ind2=' ' tag='040'>
        <subfield code='a'>GPO</subfield>
        <subfield code='c'>GPO</subfield>
        <subfield code='d'>DLC</subfield>
        <subfield code='d'>MvI-cor</subfield>
      </datafield>
      <datafield ind1=' ' ind2=' ' tag='043'>
        <subfield code='a'>n-us---</subfield>
      </datafield>
      <datafield ind1=' ' ind2=' ' tag='074'>
        <subfield code='a'>329</subfield>
      </datafield>
      <datafield ind1='0' ind2=' ' tag='086'>
        <subfield code='a'>D 101.11:11-5895-900-34</subfield>
      </datafield>
      <datafield ind1='0' ind2='0' tag='245'>
        <subfield code='a'>Direct support and general support maintenance manual :</subfield>
        <subfield code='b'>antenna and microwave equipment including feed assembly AS-2941 ( )/FSC, (NSN 5895-00-639-4793), dehumidifier, desiccant, electric HD-988/G, (NSN 4440-01-018-0080) for satellite communication terminals AN/FSC-78(V) and AN/FSC-79.</subfield>
      </datafield>
      <datafield ind1='3' ind2=' ' tag='246'>
        <subfield code='a'>Antenna and microwave equipment including feed assembly AS-2941 ( )/FSC, (NSN 5895-00-639-4793) ....</subfield>
      </datafield>
      <datafield ind1=' ' ind2=' ' tag='260'>
        <subfield code='a'>[Washington, DC] :</subfield>
        <subfield code='b'>Departments of the Army, the Navy, and the Air Force,</subfield>
        <subfield code='c'>[1991-</subfield>
      </datafield>
      <datafield ind1=' ' ind2=' ' tag='300'>
        <subfield code='a'>1 v. (loose-leaf) :</subfield>
        <subfield code='b'>ill. ;</subfield>
        <subfield code='c'>28 cm.</subfield>
      </datafield>
      <datafield ind1=' ' ind2=' ' tag='500'>
        <subfield code='a'>Cover title.</subfield>
      </datafield>
      <datafield ind1=' ' ind2=' ' tag='500'>
        <subfield code='a'>&quot;Reprint which includes current pages from change 1.&quot;</subfield>
      </datafield>
      <datafield ind1=' ' ind2=' ' tag='500'>
        <subfield code='a'>Shipping list no.: 91-126-P.</subfield>
      </datafield>
      <datafield ind1=' ' ind2=' ' tag='500'>
        <subfield code='a'>&quot;September 1978.&quot;</subfield>
      </datafield>
      <datafield ind1=' ' ind2=' ' tag='500'>
        <subfield code='a'>Includes index.</subfield>
      </datafield>
      <datafield ind1=' ' ind2=' ' tag='504'>
        <subfield code='a'>Includes bibliographical references (p. A-1 - A-5).</subfield>
      </datafield>
      <datafield ind1=' ' ind2='0' tag='650'>
        <subfield code='a'>Artificial satellites in telecommunication</subfield>
        <subfield code='z'>United States</subfield>
        <subfield code='x'>Maintenance and repair</subfield>
        <subfield code='v'>Handbooks, manuals, etc.</subfield>
      </datafield>
      <datafield ind1=' ' ind2='0' tag='651'>
        <subfield code='a'>United States</subfield>
        <subfield code='x'>Armed Forces</subfield>
        <subfield code='v'>Handbooks, manuals, etc.</subfield>
      </datafield>
      <datafield ind1='1' ind2=' ' tag='710'>
        <subfield code='a'>United States.</subfield>
        <subfield code='b'>Department of the Army.</subfield>
      </datafield>
      <datafield ind1=' ' ind2='0' tag='830'>
        <subfield code='a'>Department of the Army technical manual ;</subfield>
        <subfield code='v'>TM 11-5895-900-34.</subfield>
      </datafield>
      <datafield ind1=' ' ind2='0' tag='830'>
        <subfield code='a'>NAVELEX ;</subfield>
        <subfield code='v'>0967-LP-546-6030.</subfield>
      </datafield>
      <datafield ind1=' ' ind2='0' tag='830'>
        <subfield code='a'>Air Force TO ;</subfield>
        <subfield code='v'>31 R 5-2 G-102.</subfield>
      </datafield>
      <datafield ind1=' ' ind2=' ' tag='907'>
        <subfield code='a'>b3438569</subfield>
      </datafield>
      <datafield ind1='9' ind2='1' tag='999'>
        <subfield code='i'>i4862964</subfield>
        <subfield code='l'>dcpf</subfield>
        <subfield code='s'>-</subfield>
        <subfield code='t'>20</subfield>
        <subfield code='c'>1</subfield>
        <subfield code='o'>0</subfield>
        <subfield code='b'>00019756168</subfield>
        <subfield code='p'>086</subfield>
        <subfield code='q'>|aD 101.11:11-5895-900-34</subfield>
      </datafield>
  </record>