
  <record>
    <leader>00000cam  2200241Ii 4500</leader>
      <controlfield tag='008'>791025s1888    enk           000 0 eng d</controlfield>
      <controlfield tag='001'>5586781</controlfield>
      <controlfield tag='005'>20010831080613.0</controlfield>
      <datafield ind1=' ' ind2=' ' tag='035'>
        <subfield code='a'>1500003</subfield>
        <subfield code='b'>KKUA</subfield>
      </datafield>
      <datafield ind1=' ' ind2=' ' tag='040'>
        <subfield code='a'>KKU</subfield>
        <subfield code='c'>KKU</subfield>
        <subfield code='d'>OCL</subfield>
        <subfield code='d'>NOC</subfield>
      </datafield>
      <datafield ind1='1' ind2=' ' tag='100'>
        <subfield code='a'>Westcott, Brooke Foss,</subfield>
        <subfield code='d'>1825-1901.</subfield>
      </datafield>
      <datafield ind1='1' ind2='0' tag='245'>
        <subfield code='a'>Social aspects of Christianity /</subfield>
        <subfield code='c'>by Brooke Foss Westcott.</subfield>
      </datafield>
      <datafield ind1=' ' ind2=' ' tag='250'>
        <subfield code='a'>2d ed.</subfield>
      </datafield>
      <datafield ind1=' ' ind2=' ' tag='260'>
        <subfield code='a'>London ;</subfield>
        <subfield code='a'>New York :</subfield>
        <subfield code='b'>Macmillan,</subfield>
        <subfield code='c'>1888.</subfield>
      </datafield>
      <datafield ind1=' ' ind2=' ' tag='300'>
        <subfield code='a'>xx, 202 p. ;</subfield>
        <subfield code='c'>20 cm.</subfield>
      </datafield>
      <datafield ind1=' ' ind2=' ' tag='500'>
        <subfield code='a'>&quot;Sermons ... preached (with two exceptions) during my residence at Westminster in August and December, 1886.&quot;</subfield>
      </datafield>
      <datafield ind1='2' ind2='0' tag='610'>
        <subfield code='a'>Church of England</subfield>
        <subfield code='v'>Sermons.</subfield>
      </datafield>
      <datafield ind1=' ' ind2='0' tag='650'>
        <subfield code='a'>Christian sociology</subfield>
        <subfield code='x'>Anglican Communion.</subfield>
      </datafield>
      <datafield ind1=' ' ind2='0' tag='650'>
        <subfield code='a'>Sermons, English.</subfield>
      </datafield>
      <datafield ind1=' ' ind2=' ' tag='907'>
        <subfield code='a'>b4041687</subfield>
      </datafield>
      <datafield ind1='9' ind2='1' tag='999'>
        <subfield code='i'>i5553111</subfield>
        <subfield code='l'>trln</subfield>
        <subfield code='s'>-</subfield>
        <subfield code='t'>0</subfield>
        <subfield code='c'>1</subfield>
        <subfield code='o'>0</subfield>
        <subfield code='b'>00038253022</subfield>
        <subfield code='p'>092</subfield>
        <subfield code='q'>|a335 W52</subfield>
      </datafield>
  </record>