
  <record>
    <leader>00000cam  2200337 a 4500</leader>
      <controlfield tag='006'>m    |   d |</controlfield>
      <controlfield tag='008'>820108s1783    nyu     o     000 0 eng d</controlfield>
      <controlfield tag='007'>cr mn mmmmabba</controlfield>
      <controlfield tag='001'>aas03026527</controlfield>
      <controlfield tag='005'>20021212171233.0</controlfield>
      <datafield ind1=' ' ind2=' ' tag='040'>
        <subfield code='a'>MWA</subfield>
        <subfield code='c'>MWA</subfield>
        <subfield code='e'>bdrb</subfield>
      </datafield>
      <datafield ind1='1' ind2=' ' tag='100'>
        <subfield code='a'>Inglis, Charles,</subfield>
        <subfield code='d'>1734-1816.</subfield>
      </datafield>
      <datafield ind1='1' ind2='2' tag='245'>
        <subfield code='a'>A sermon, preached before the Grand Lodge, and the other lodges of Ancient Free Masons, in New-York, at St. Paul&apos;s Chapel,</subfield>
        <subfield code='h'>[electronic resource] :</subfield>
        <subfield code='b'>on the anniversary of St. John, Baptist, 1783. /</subfield>
        <subfield code='c'>By Charles Inglis, D.D. Rector of Trinity Church, in the city of New-York.</subfield>
      </datafield>
      <datafield ind1=' ' ind2=' ' tag='260'>
        <subfield code='a'>New-York: :</subfield>
        <subfield code='b'>Printed by Robertsons, Mills and Hicks.,</subfield>
        <subfield code='c'>M,DCC,LXXXIII. [1783]</subfield>
      </datafield>
      <datafield ind1=' ' ind2=' ' tag='300'>
        <subfield code='a'>1 online resource (31, [1] p.)</subfield>
      </datafield>
      <datafield ind1='1' ind2=' ' tag='506'>
        <subfield code='a'>Access limited to UNC Chapel Hill-authenticated users.</subfield>
        <subfield code='f'>Unlimited simultaneous users</subfield>
      </datafield>
      <datafield ind1='4' ind2=' ' tag='510'>
        <subfield code='a'>Bristol</subfield>
        <subfield code='c'>B5731</subfield>
      </datafield>
      <datafield ind1='4' ind2=' ' tag='510'>
        <subfield code='a'>Shipton &amp; Mooney</subfield>
        <subfield code='c'>44390</subfield>
      </datafield>
      <datafield ind1=' ' ind2=' ' tag='588'>
        <subfield code='a'>Description based on microform record.</subfield>
      </datafield>
      <datafield ind1='2' ind2='0' tag='610'>
        <subfield code='a'>Freemasons.</subfield>
      </datafield>
      <datafield ind1=' ' ind2='7' tag='655'>
        <subfield code='a'>Sermons</subfield>
        <subfield code='y'>1783.</subfield>
        <subfield code='2'>rbgenr</subfield>
      </datafield>
      <datafield ind1='2' ind2=' ' tag='710'>
        <subfield code='a'>Freemasons.</subfield>
        <subfield code='b'>Grand Lodge of the State of New York.</subfield>
      </datafield>
      <datafield ind1=' ' ind2=' ' tag='752'>
        <subfield code='a'>United States</subfield>
        <subfield code='b'>New York</subfield>
        <subfield code='d'>New York.</subfield>
      </datafield>
      <datafield ind1='0' ind2=' ' tag='773'>
        <subfield code='t'>Early American imprints, series 1: Evans (online collection)</subfield>
      </datafield>
      <datafield ind1='4' ind2='0' tag='856'>
        <subfield code='y'>Full text available via the UNC-Chapel Hill Libraries</subfield>
        <subfield code='u'>http://libproxy.lib.unc.edu/login?url=http://opac.newsbank.com/select/evans/44390</subfield>
      </datafield>
      <datafield ind1=' ' ind2=' ' tag='907'>
        <subfield code='a'>b6667644</subfield>
      </datafield>
  </record>