
  <record>
    <leader>00000cam  22002778a 4500</leader>
      <controlfield tag='008'>930217s1993    paua     b    001 0 eng  </controlfield>
      <controlfield tag='001'>27726666</controlfield>
      <controlfield tag='005'>19940114143452.0</controlfield>
      <datafield ind1=' ' ind2=' ' tag='010'>
        <subfield code='a'>93020349</subfield>
      </datafield>
      <datafield ind1=' ' ind2=' ' tag='020'>
        <subfield code='a'>0271010533</subfield>
      </datafield>
      <datafield ind1=' ' ind2=' ' tag='020'>
        <subfield code='a'>027101055X (pbk.)</subfield>
      </datafield>
      <datafield ind1=' ' ind2=' ' tag='040'>
        <subfield code='a'>DLC</subfield>
        <subfield code='c'>DLC</subfield>
        <subfield code='d'>NOC</subfield>
      </datafield>
      <datafield ind1=' ' ind2=' ' tag='043'>
        <subfield code='a'>e-fr---</subfield>
      </datafield>
      <datafield ind1='0' ind2='0' tag='050'>
        <subfield code='a'>HM283</subfield>
        <subfield code='b'>.B68 1993</subfield>
      </datafield>
      <datafield ind1='0' ind2='0' tag='082'>
        <subfield code='a'>306/.0944/09033</subfield>
        <subfield code='2'>20</subfield>
      </datafield>
      <datafield ind1='1' ind2=' ' tag='100'>
        <subfield code='a'>Bouton, Cynthia A.</subfield>
      </datafield>
      <datafield ind1='1' ind2='4' tag='245'>
        <subfield code='a'>The flour war :</subfield>
        <subfield code='b'>gender, class, and community in late Ancien Régime French society /</subfield>
        <subfield code='c'>Cynthia A. Bouton.</subfield>
      </datafield>
      <datafield ind1=' ' ind2=' ' tag='260'>
        <subfield code='a'>University Park, Pa. :</subfield>
        <subfield code='b'>Pennsylvania State University Press,</subfield>
        <subfield code='c'>1993.</subfield>
      </datafield>
      <datafield ind1=' ' ind2=' ' tag='300'>
        <subfield code='a'>xxvi, 307 p. :</subfield>
        <subfield code='b'>ill. ;</subfield>
        <subfield code='c'>24 cm.</subfield>
      </datafield>
      <datafield ind1=' ' ind2=' ' tag='504'>
        <subfield code='a'>Includes bibliographical references (p. [271]-301) and index.</subfield>
      </datafield>
      <datafield ind1=' ' ind2='0' tag='650'>
        <subfield code='a'>Crowds</subfield>
        <subfield code='z'>France</subfield>
        <subfield code='x'>History</subfield>
        <subfield code='y'>18th century.</subfield>
      </datafield>
      <datafield ind1=' ' ind2='0' tag='650'>
        <subfield code='a'>Riots</subfield>
        <subfield code='z'>France</subfield>
        <subfield code='x'>History</subfield>
        <subfield code='y'>18th century.</subfield>
      </datafield>
      <datafield ind1=' ' ind2='0' tag='650'>
        <subfield code='a'>Food prices</subfield>
        <subfield code='z'>France</subfield>
        <subfield code='x'>History</subfield>
        <subfield code='y'>18th century.</subfield>
      </datafield>
      <datafield ind1=' ' ind2='0' tag='650'>
        <subfield code='a'>Wheat trade</subfield>
        <subfield code='z'>France</subfield>
        <subfield code='x'>History</subfield>
        <subfield code='y'>18th century.</subfield>
      </datafield>
      <datafield ind1=' ' ind2='0' tag='651'>
        <subfield code='a'>France</subfield>
        <subfield code='x'>History</subfield>
        <subfield code='y'>Revolution, 1789-1799</subfield>
        <subfield code='x'>Causes.</subfield>
      </datafield>
      <datafield ind1=' ' ind2='0' tag='651'>
        <subfield code='a'>France</subfield>
        <subfield code='x'>History</subfield>
        <subfield code='y'>Revolution, 1789-1799</subfield>
        <subfield code='x'>Economic aspects.</subfield>
      </datafield>
      <datafield ind1=' ' ind2=' ' tag='907'>
        <subfield code='a'>b2506788</subfield>
      </datafield>
      <datafield ind1='9' ind2='1' tag='999'>
        <subfield code='i'>i3606908</subfield>
        <subfield code='l'>ddda</subfield>
        <subfield code='s'>-</subfield>
        <subfield code='t'>0</subfield>
        <subfield code='c'>1</subfield>
        <subfield code='o'>12</subfield>
        <subfield code='b'>00008966130</subfield>
        <subfield code='p'>090</subfield>
        <subfield code='q'>|aHM283 .B68 1993</subfield>
      </datafield>
  </record>