
  <record>
    <leader>00000cam a22003252 b4500</leader>
      <controlfield tag='006'>m     o  d</controlfield>
      <controlfield tag='007'>cr |n |||||||a</controlfield>
      <controlfield tag='008'>140722e20140507nju     o|||||||| 0|eng|d</controlfield>
      <controlfield tag='001'>sseb026564751</controlfield>
      <controlfield tag='003'>WaSeSS</controlfield>
      <controlfield tag='005'>20170407180148.0</controlfield>
      <datafield ind1=' ' ind2=' ' tag='020'>
        <subfield code='a'>1479948179</subfield>
        <subfield code='q'>Spiral</subfield>
      </datafield>
      <datafield ind1=' ' ind2=' ' tag='020'>
        <subfield code='a'>9781479948178</subfield>
      </datafield>
      <datafield ind1=' ' ind2=' ' tag='040'>
        <subfield code='a'>BIP US</subfield>
        <subfield code='b'>eng</subfield>
        <subfield code='d'>WaSeSS</subfield>
      </datafield>
      <datafield ind1='2' ind2=' ' tag='110'>
        <subfield code='a'>IEEE Staff</subfield>
        <subfield code='e'>Author</subfield>
      </datafield>
      <datafield ind1='1' ind2='0' tag='245'>
        <subfield code='a'>2014 Third Mediterranean Photonics Conference</subfield>
        <subfield code='h'>[electronic resource]</subfield>
      </datafield>
      <datafield ind1=' ' ind2=' ' tag='260'>
        <subfield code='a'>Piscataway :</subfield>
        <subfield code='b'>IEEE</subfield>
        <subfield code='c'>May 2014</subfield>
      </datafield>
      <datafield ind1=' ' ind2=' ' tag='300'>
        <subfield code='a'>1 online resource</subfield>
      </datafield>
      <datafield ind1='1' ind2=' ' tag='506'>
        <subfield code='a'>Access limited to UNC Chapel Hill-authenticated users.</subfield>
        <subfield code='f'>Limited to seventy-five (75) concurrent users</subfield>
      </datafield>
      <datafield ind1=' ' ind2=' ' tag='520'>
        <subfield code='a'>The scope is to create a specific workshop focused to recognize and evaluate the emerging ideas and technologies of photonic devices from the research levels to the commercial applications</subfield>
      </datafield>
      <datafield ind1=' ' ind2=' ' tag='521'>
        <subfield code='a'>Scholarly &amp; Professional</subfield>
        <subfield code='b'>IEEE</subfield>
      </datafield>
      <datafield ind1='0' ind2=' ' tag='773'>
        <subfield code='t'>IEEE Xplore (online collection). Conference Proceedings</subfield>
      </datafield>
      <datafield ind1='4' ind2='0' tag='856'>
        <subfield code='y'>Full text available via the UNC-Chapel Hill Libraries</subfield>
        <subfield code='u'>http://VB3LK7EB4T.search.serialssolutions.com/?V=1.0&amp;L=VB3LK7EB4T&amp;S=JCs&amp;C=TC_026564751&amp;T=marc</subfield>
        <subfield code='x'>IEEE Xplore All Conference Proceedings</subfield>
      </datafield>
      <datafield ind1=' ' ind2=' ' tag='907'>
        <subfield code='a'>b8754336</subfield>
      </datafield>
  </record>