
  <record>
    <leader>00000cam  2200193I  4500</leader>
      <controlfield tag='008'>760504s1952    moua          001 0 eng  </controlfield>
      <controlfield tag='001'>2156656</controlfield>
      <controlfield tag='005'>19831117000000.0</controlfield>
      <datafield ind1=' ' ind2=' ' tag='010'>
        <subfield code='a'>52013318</subfield>
      </datafield>
      <datafield ind1=' ' ind2=' ' tag='040'>
        <subfield code='a'>DLC</subfield>
        <subfield code='c'>YAH</subfield>
        <subfield code='d'>GTU</subfield>
        <subfield code='d'>NOH</subfield>
      </datafield>
      <datafield ind1='0' ind2=' ' tag='050'>
        <subfield code='a'>RD32</subfield>
        <subfield code='b'>.M65</subfield>
      </datafield>
      <datafield ind1='0' ind2='0' tag='245'>
        <subfield code='a'>Textbook of surgery;</subfield>
        <subfield code='c'>with foreword by G. Gavin Miller.</subfield>
      </datafield>
      <datafield ind1=' ' ind2=' ' tag='260'>
        <subfield code='a'>St. Louis,</subfield>
        <subfield code='b'>Mosby,</subfield>
        <subfield code='c'>1952.</subfield>
      </datafield>
      <datafield ind1=' ' ind2=' ' tag='300'>
        <subfield code='a'>896 p.</subfield>
        <subfield code='b'>illus.</subfield>
        <subfield code='c'>26 cm.</subfield>
      </datafield>
      <datafield ind1=' ' ind2='2' tag='650'>
        <subfield code='a'>General Surgery.</subfield>
      </datafield>
      <datafield ind1='1' ind2=' ' tag='700'>
        <subfield code='a'>Moseley, H. F.</subfield>
        <subfield code='q'>(Herbert Frederick),</subfield>
        <subfield code='d'>1906-</subfield>
      </datafield>
      <datafield ind1=' ' ind2=' ' tag='907'>
        <subfield code='a'>b1371592</subfield>
      </datafield>
      <datafield ind1='9' ind2='1' tag='999'>
        <subfield code='i'>i1872051</subfield>
        <subfield code='l'>nohh</subfield>
        <subfield code='s'>-</subfield>
        <subfield code='t'>0</subfield>
        <subfield code='c'>1</subfield>
        <subfield code='o'>0</subfield>
        <subfield code='b'>H00100245C</subfield>
        <subfield code='p'>096</subfield>
        <subfield code='q'>|aWO 100|bM898t 1952</subfield>
      </datafield>
  </record>