
  <record>
    <leader>00000nam a22002893u 4500</leader>
      <controlfield tag='006'>m    fo  d</controlfield>
      <controlfield tag='008'>100101s2010    be     fo     001 m lat|d</controlfield>
      <controlfield tag='007'>cr nn nnn|||||</controlfield>
      <controlfield tag='001'>LLTACCOEPCO01_</controlfield>
      <controlfield tag='003'>BE-TuBP</controlfield>
      <controlfield tag='005'>20100101000000.0</controlfield>
      <datafield ind1=' ' ind2=' ' tag='040'>
        <subfield code='a'>BE-TuBP</subfield>
        <subfield code='b'>eng</subfield>
      </datafield>
      <datafield ind1='0' ind2=' ' tag='041'>
        <subfield code='a'>lat</subfield>
      </datafield>
      <datafield ind1='0' ind2=' ' tag='130'>
        <subfield code='a'>Concilia oecumenica et generalia Ecclesiae catholicae.</subfield>
      </datafield>
      <datafield ind1='0' ind2='0' tag='245'>
        <subfield code='a'>Concilium Nicaenum I a. 325</subfield>
        <subfield code='h'>[electronic resource] :</subfield>
        <subfield code='b'>(translatio latina) /</subfield>
        <subfield code='c'>Concilia oecumenica et generalia Ecclesiae catholicae (aetatis patrum)</subfield>
      </datafield>
      <datafield ind1='3' ind2=' ' tag='260'>
        <subfield code='a'>Turnhout :</subfield>
        <subfield code='b'>Brepols Publishers,</subfield>
        <subfield code='c'>2010</subfield>
      </datafield>
      <datafield ind1=' ' ind2=' ' tag='500'>
        <subfield code='a'>This text was published as part of the &apos;Library of Latin Texts&apos; and was based on: Conciliorum Oecumenicorum Decreta, curantibus J. Alberigo, J.A. Dossetti, P.P. Joannou, C. Leonardi, P. Prodi, consultante H. Jedin, 1973 p. 5-18</subfield>
      </datafield>
      <datafield ind1='1' ind2=' ' tag='506'>
        <subfield code='a'>Access limited to UNC Chapel Hill-authenticated users.</subfield>
        <subfield code='f'>Limited to three (3) concurrent users</subfield>
      </datafield>
      <datafield ind1='0' ind2=' ' tag='773'>
        <subfield code='t'>Library of Latin texts (online collection). A</subfield>
      </datafield>
      <datafield ind1='4' ind2='0' tag='856'>
        <subfield code='u'>http://libproxy.lib.unc.edu/login?url=http://clt.brepolis.net/LLTA/pages/TextSearch.aspx?key=CCOEPCO01_</subfield>
        <subfield code='y'>Full text available via the UNC-Chapel Hill Libraries</subfield>
        <subfield code='x'>Library of Latin Texts</subfield>
      </datafield>
      <datafield ind1=' ' ind2=' ' tag='907'>
        <subfield code='a'>b6816999</subfield>
      </datafield>
  </record>