
  <record>
    <leader>00000nam a2200301Ia 4500</leader>
      <controlfield tag='008'>091201s2008    sp            000 p spa d</controlfield>
      <controlfield tag='001'>471874980</controlfield>
      <controlfield tag='003'>OCoLC</controlfield>
      <controlfield tag='005'>20091201024900.0</controlfield>
      <datafield ind1=' ' ind2=' ' tag='020'>
        <subfield code='a'>9788493666934</subfield>
      </datafield>
      <datafield ind1=' ' ind2=' ' tag='020'>
        <subfield code='a'>8493666939</subfield>
      </datafield>
      <datafield ind1=' ' ind2=' ' tag='035'>
        <subfield code='a'>(OCoLC)471874980</subfield>
      </datafield>
      <datafield ind1=' ' ind2=' ' tag='040'>
        <subfield code='a'>NOC</subfield>
        <subfield code='c'>NOC</subfield>
      </datafield>
      <datafield ind1=' ' ind2=' ' tag='049'>
        <subfield code='a'>NOCC</subfield>
      </datafield>
      <datafield ind1='1' ind2=' ' tag='100'>
        <subfield code='a'>Huidobro, Vicente,</subfield>
        <subfield code='d'>1893-1948.</subfield>
      </datafield>
      <datafield ind1='1' ind2='3' tag='245'>
        <subfield code='a'>El pasajero de su destino /</subfield>
        <subfield code='c'>Vicente Huidrobo ; selección y prólogo de Óscar Hahn.</subfield>
      </datafield>
      <datafield ind1=' ' ind2=' ' tag='260'>
        <subfield code='a'>Sevilla :</subfield>
        <subfield code='b'>Biblioteca Sibila Antologías :</subfield>
        <subfield code='b'>Fundación BBVA,</subfield>
        <subfield code='c'>c2008.</subfield>
      </datafield>
      <datafield ind1=' ' ind2=' ' tag='300'>
        <subfield code='a'>279 p. ;</subfield>
        <subfield code='c'>21 cm.</subfield>
      </datafield>
      <datafield ind1='1' ind2=' ' tag='700'>
        <subfield code='a'>Hahn, Óscar,</subfield>
        <subfield code='d'>1938-</subfield>
      </datafield>
      <datafield ind1=' ' ind2='0' tag='830'>
        <subfield code='a'>Biblioteca Sibila-Fundación BBVA de poesía en español ;</subfield>
        <subfield code='v'>5.</subfield>
      </datafield>
      <datafield ind1=' ' ind2=' ' tag='907'>
        <subfield code='a'>b5980438</subfield>
      </datafield>
      <datafield ind1='9' ind2='1' tag='999'>
        <subfield code='i'>i7919222</subfield>
        <subfield code='l'>ddda</subfield>
        <subfield code='s'>-</subfield>
        <subfield code='t'>0</subfield>
        <subfield code='c'>1</subfield>
        <subfield code='o'>0</subfield>
        <subfield code='b'>00035113251</subfield>
        <subfield code='p'>090</subfield>
        <subfield code='q'>|aPQ8097.H8|bP37 2008</subfield>
      </datafield>
  </record>