
  <record>
    <leader>00000cjm a2200421Ia 4500</leader>
      <controlfield tag='007'>sd fungnnmmneu</controlfield>
      <controlfield tag='008'>090324s2006    paufmnn           n eng d</controlfield>
      <controlfield tag='001'>316869934</controlfield>
      <controlfield tag='003'>OCoLC</controlfield>
      <controlfield tag='005'>20150415101406.0</controlfield>
      <datafield ind1='1' ind2=' ' tag='024'>
        <subfield code='a'>837101209656</subfield>
      </datafield>
      <datafield ind1='0' ind2='2' tag='028'>
        <subfield code='a'>5SP-CD06002</subfield>
        <subfield code='b'>5-String Productions</subfield>
      </datafield>
      <datafield ind1=' ' ind2=' ' tag='035'>
        <subfield code='a'>(OCoLC)316869934</subfield>
      </datafield>
      <datafield ind1=' ' ind2=' ' tag='040'>
        <subfield code='a'>IKG</subfield>
        <subfield code='c'>IKG</subfield>
        <subfield code='d'>OCLCF</subfield>
        <subfield code='d'>OCLCO</subfield>
        <subfield code='d'>NOC</subfield>
      </datafield>
      <datafield ind1=' ' ind2=' ' tag='049'>
        <subfield code='a'>OFC#</subfield>
      </datafield>
      <datafield ind1='1' ind2=' ' tag='100'>
        <subfield code='a'>Brown, Paul,</subfield>
        <subfield code='d'>1952-</subfield>
        <subfield code='e'>performer.</subfield>
      </datafield>
      <datafield ind1='1' ind2='0' tag='245'>
        <subfield code='a'>Red clay country</subfield>
        <subfield code='h'>[sound recording] /</subfield>
        <subfield code='c'>Paul Brown.</subfield>
      </datafield>
      <datafield ind1=' ' ind2=' ' tag='260'>
        <subfield code='a'>West Chester, PA :</subfield>
        <subfield code='b'>5-String Productions,</subfield>
        <subfield code='c'>[2006]</subfield>
      </datafield>
      <datafield ind1=' ' ind2=' ' tag='300'>
        <subfield code='a'>1 sound disc :</subfield>
        <subfield code='b'>digital ;</subfield>
        <subfield code='c'>4 3/4 in.</subfield>
      </datafield>
      <datafield ind1=' ' ind2=' ' tag='336'>
        <subfield code='a'>performed music</subfield>
        <subfield code='b'>prm</subfield>
        <subfield code='2'>rdacontent</subfield>
      </datafield>
      <datafield ind1=' ' ind2=' ' tag='337'>
        <subfield code='a'>audio</subfield>
        <subfield code='b'>s</subfield>
        <subfield code='2'>rdamedia</subfield>
      </datafield>
      <datafield ind1=' ' ind2=' ' tag='338'>
        <subfield code='a'>audio disc</subfield>
        <subfield code='b'>sd</subfield>
        <subfield code='2'>rdacarrier</subfield>
      </datafield>
      <datafield ind1=' ' ind2=' ' tag='500'>
        <subfield code='a'>Compact disc.</subfield>
      </datafield>
      <datafield ind1=' ' ind2=' ' tag='500'>
        <subfield code='a'>Program notes inserted in container.</subfield>
      </datafield>
      <datafield ind1=' ' ind2=' ' tag='500'>
        <subfield code='a'>Special Collection material:  Use of audio or visual material may require production of listening or viewing copies before use.  Contact wilsonlibrary@unc.edu before visiting reading room for more information.</subfield>
      </datafield>
      <datafield ind1='0' ind2=' ' tag='505'>
        <subfield code='a'>Black Annie (2:27) -- John Hardy (3:57) -- Singing birds (2:09) -- Sugar babe (2:20) -- Summer&apos;s almost gone (3:59) -- Dancing in the sunny south (2:11) -- Red clay country (3:13) -- Shortenin&apos; bread (2:07) -- Lazy John (3:13) -- Old man&apos;s and old woman&apos;s quarrel (2:22) -- Buck eyed rabbits (2:57) -- Railroad Bill (3:09) -- Darlin&apos; child (3:10) -- Jesse James (3:57) -- Big eyed rabbit (2:01) -- Johnny get your hair cut (2:19) -- John Henry (5:02) -- Garrell Hunter&apos;s tune (3:33).</subfield>
      </datafield>
      <datafield ind1='0' ind2=' ' tag='511'>
        <subfield code='a'>Paul Brown, banjo ; Matt Brown, fiddle ; Terri McMurray, banjo ; John Schwab, guitar ; Mike Seeger, guitar.</subfield>
      </datafield>
      <datafield ind1=' ' ind2=' ' tag='561'>
        <subfield code='a'>Mike Seeger Collection : 20009.</subfield>
      </datafield>
      <datafield ind1=' ' ind2='0' tag='650'>
        <subfield code='a'>Folk music</subfield>
        <subfield code='z'>United States.</subfield>
      </datafield>
      <datafield ind1=' ' ind2='0' tag='650'>
        <subfield code='a'>Banjo music.</subfield>
      </datafield>
      <datafield ind1=' ' ind2='7' tag='655'>
        <subfield code='a'>Old-time music.</subfield>
        <subfield code='2'>lcgft</subfield>
      </datafield>
      <datafield ind1='4' ind2='2' tag='856'>
        <subfield code='3'>Finding aid for the Mike Seeger Collection</subfield>
        <subfield code='u'>http://finding-aids.lib.unc.edu/20009/</subfield>
      </datafield>
      <datafield ind1=' ' ind2=' ' tag='907'>
        <subfield code='a'>b8216698</subfield>
      </datafield>
      <datafield ind1='9' ind2='1' tag='999'>
        <subfield code='i'>i10748059</subfield>
        <subfield code='l'>wadb</subfield>
        <subfield code='s'>o</subfield>
        <subfield code='t'>49</subfield>
        <subfield code='c'>1</subfield>
        <subfield code='o'>0</subfield>
        <subfield code='p'>099</subfield>
        <subfield code='q'>|aCD-13710</subfield>
        <subfield code='n'>Special Collection material:  Use of audio or visual material may require production of listening or viewing copies before use.  Contact wilsonlibrary@unc.edu before visiting reading room for more information.</subfield>
      </datafield>
  </record>