
  <record>
    <leader>00000cam a2200325Ma 4500</leader>
      <controlfield tag='008'>120703s2012    enk      b    001 0 eng d</controlfield>
      <controlfield tag='001'>800640073</controlfield>
      <controlfield tag='003'>OCoLC</controlfield>
      <controlfield tag='005'>20121109045746.2</controlfield>
      <datafield ind1=' ' ind2=' ' tag='020'>
        <subfield code='a'>9780199588770</subfield>
      </datafield>
      <datafield ind1=' ' ind2=' ' tag='020'>
        <subfield code='a'>0199588775</subfield>
      </datafield>
      <datafield ind1=' ' ind2=' ' tag='035'>
        <subfield code='a'>(OCoLC)800640073</subfield>
      </datafield>
      <datafield ind1=' ' ind2=' ' tag='040'>
        <subfield code='a'>UKMGB</subfield>
        <subfield code='b'>eng</subfield>
        <subfield code='c'>UKMGB</subfield>
        <subfield code='d'>YDXCP</subfield>
        <subfield code='d'>OCLCO</subfield>
        <subfield code='d'>CDX</subfield>
        <subfield code='d'>NhCcYBP</subfield>
      </datafield>
      <datafield ind1=' ' ind2='4' tag='050'>
        <subfield code='a'>KJE960</subfield>
        <subfield code='b'>.P54 2012</subfield>
      </datafield>
      <datafield ind1='0' ind2='4' tag='082'>
        <subfield code='a'>341.242/2</subfield>
        <subfield code='2'>23</subfield>
      </datafield>
      <datafield ind1='0' ind2='0' tag='245'>
        <subfield code='a'>Philosophical foundations of European Union law /</subfield>
        <subfield code='c'>edited by Julie Dickson and Pavlos Eleftheriadis.</subfield>
      </datafield>
      <datafield ind1=' ' ind2=' ' tag='250'>
        <subfield code='a'>1st ed.</subfield>
      </datafield>
      <datafield ind1=' ' ind2=' ' tag='260'>
        <subfield code='a'>Oxford :</subfield>
        <subfield code='b'>Oxford University Press,</subfield>
        <subfield code='c'>2012.</subfield>
      </datafield>
      <datafield ind1=' ' ind2=' ' tag='300'>
        <subfield code='a'>viii, 457 p. ;</subfield>
        <subfield code='c'>26 cm.</subfield>
      </datafield>
      <datafield ind1=' ' ind2=' ' tag='504'>
        <subfield code='a'>Includes bibliographical references and index.</subfield>
      </datafield>
      <datafield ind1=' ' ind2='0' tag='650'>
        <subfield code='a'>Law</subfield>
        <subfield code='z'>European Union countries</subfield>
        <subfield code='x'>Philosophy.</subfield>
      </datafield>
      <datafield ind1='1' ind2=' ' tag='700'>
        <subfield code='a'>Dickson, Julie.</subfield>
      </datafield>
      <datafield ind1='1' ind2=' ' tag='700'>
        <subfield code='a'>Eleutheriadēs, Paulos Z.</subfield>
      </datafield>
      <datafield ind1=' ' ind2=' ' tag='919'>
        <subfield code='a'>TROUP</subfield>
      </datafield>
      <datafield ind1=' ' ind2='1' tag='907'>
        <subfield code='a'>b7318329</subfield>
      </datafield>
      <datafield ind1='9' ind2='1' tag='999'>
        <subfield code='i'>i9883296</subfield>
        <subfield code='l'>troup</subfield>
        <subfield code='s'>-</subfield>
        <subfield code='t'>0</subfield>
        <subfield code='c'>1</subfield>
        <subfield code='o'>0</subfield>
        <subfield code='b'>00045577062</subfield>
        <subfield code='p'>050</subfield>
        <subfield code='q'>|aKJE960|b.P54 2012</subfield>
        <subfield code='n'>90 Day Loan Period</subfield>
      </datafield>
  </record>