
  <record>
    <leader>00000cam  2200301La 4500</leader>
      <controlfield tag='006'>m        u</controlfield>
      <controlfield tag='008'>000807s1994    nbu     sb    000 0deng d</controlfield>
      <controlfield tag='007'>cr cn --------</controlfield>
      <controlfield tag='001'>EHNL44961502</controlfield>
      <controlfield tag='005'>20020910130603.0</controlfield>
      <datafield ind1=' ' ind2=' ' tag='020'>
        <subfield code='a'>0585111626 (electronic bk.)</subfield>
      </datafield>
      <datafield ind1=' ' ind2=' ' tag='040'>
        <subfield code='a'>N$T</subfield>
        <subfield code='c'>N$T</subfield>
        <subfield code='d'>OCL</subfield>
        <subfield code='d'>OCLCQ</subfield>
        <subfield code='d'>VPI</subfield>
        <subfield code='d'>OCLCQ</subfield>
      </datafield>
      <datafield ind1='1' ind2=' ' tag='100'>
        <subfield code='a'>Umland, Samuel J.</subfield>
      </datafield>
      <datafield ind1='1' ind2='0' tag='245'>
        <subfield code='a'>Fahrenheit 451</subfield>
        <subfield code='h'>[electronic resource] :</subfield>
        <subfield code='b'>notes ... /</subfield>
        <subfield code='c'>by Samuel J. Umland.</subfield>
      </datafield>
      <datafield ind1='3' ind2=' ' tag='246'>
        <subfield code='a'>Cliffs notes on Bradbury&apos;s Fahrenheit 451</subfield>
      </datafield>
      <datafield ind1=' ' ind2=' ' tag='260'>
        <subfield code='a'>Lincoln, Neb. :</subfield>
        <subfield code='b'>Cliffs Notes,</subfield>
        <subfield code='c'>1994.</subfield>
      </datafield>
      <datafield ind1=' ' ind2=' ' tag='300'>
        <subfield code='a'>62 p. ;</subfield>
        <subfield code='c'>21 cm.</subfield>
      </datafield>
      <datafield ind1=' ' ind2=' ' tag='504'>
        <subfield code='a'>Includes bibliographical references (p.59-60).</subfield>
      </datafield>
      <datafield ind1='1' ind2=' ' tag='506'>
        <subfield code='a'>Access limited to UNC Chapel Hill-authenticated users</subfield>
        <subfield code='f'>Limited to seven (7) concurrent users</subfield>
      </datafield>
      <datafield ind1='1' ind2='0' tag='600'>
        <subfield code='a'>Bradbury, Ray,</subfield>
        <subfield code='d'>1920-2012.</subfield>
        <subfield code='t'>Fahrenheit 451.</subfield>
      </datafield>
      <datafield ind1='2' ind2=' ' tag='710'>
        <subfield code='a'>Cliffs Notes, Inc.</subfield>
      </datafield>
      <datafield ind1='0' ind2=' ' tag='773'>
        <subfield code='t'>Ebscohost ebooks (online collection). Via NCLive</subfield>
      </datafield>
      <datafield ind1='1' ind2=' ' tag='776'>
        <subfield code='c'>Original</subfield>
        <subfield code='z'>0822004585</subfield>
      </datafield>
      <datafield ind1='4' ind2='0' tag='856'>
        <subfield code='y'>Full text available via the UNC-Chapel Hill Libraries</subfield>
        <subfield code='u'>http://libproxy.lib.unc.edu/login?url=http://www.netLibrary.com/urlapi.asp?action=summary&amp;v=1&amp;bookid=11281</subfield>
      </datafield>
      <datafield ind1=' ' ind2=' ' tag='907'>
        <subfield code='a'>b4011618</subfield>
      </datafield>
  </record>