
  <record>
    <leader>00000nam  22004814a 4500</leader>
      <controlfield tag='008'>070815s2009    mou      b    001 0 eng  </controlfield>
      <controlfield tag='001'>183916741</controlfield>
      <controlfield tag='003'>OCoLC</controlfield>
      <controlfield tag='005'>20080626072645.0</controlfield>
      <datafield ind1=' ' ind2=' ' tag='010'>
        <subfield code='a'>2007935314</subfield>
      </datafield>
      <datafield ind1=' ' ind2=' ' tag='015'>
        <subfield code='a'>GBA7A2080</subfield>
        <subfield code='2'>bnb</subfield>
      </datafield>
      <datafield ind1='7' ind2=' ' tag='016'>
        <subfield code='a'>101473380</subfield>
        <subfield code='2'>DNLM</subfield>
      </datafield>
      <datafield ind1='7' ind2=' ' tag='016'>
        <subfield code='a'>014469900</subfield>
        <subfield code='2'>Uk</subfield>
      </datafield>
      <datafield ind1=' ' ind2=' ' tag='019'>
        <subfield code='a'>176925069</subfield>
      </datafield>
      <datafield ind1=' ' ind2=' ' tag='020'>
        <subfield code='a'>9781416040842</subfield>
      </datafield>
      <datafield ind1=' ' ind2=' ' tag='020'>
        <subfield code='a'>1416040846</subfield>
      </datafield>
      <datafield ind1=' ' ind2=' ' tag='035'>
        <subfield code='a'>(OCoLC)183916741</subfield>
        <subfield code='z'>(OCoLC)176925069</subfield>
      </datafield>
      <datafield ind1=' ' ind2=' ' tag='040'>
        <subfield code='a'>DLC</subfield>
        <subfield code='c'>DLC</subfield>
        <subfield code='d'>NLM</subfield>
        <subfield code='d'>UKM</subfield>
        <subfield code='d'>BAKER</subfield>
        <subfield code='d'>YDXCP</subfield>
        <subfield code='d'>BTCTA</subfield>
        <subfield code='d'>COU</subfield>
        <subfield code='d'>MUQ</subfield>
        <subfield code='d'>NOH</subfield>
      </datafield>
      <datafield ind1=' ' ind2=' ' tag='049'>
        <subfield code='a'>NOHH</subfield>
      </datafield>
      <datafield ind1='0' ind2='0' tag='050'>
        <subfield code='a'>RT71</subfield>
        <subfield code='b'>.T336 2009</subfield>
      </datafield>
      <datafield ind1='0' ind2='0' tag='060'>
        <subfield code='a'>2008 F-326</subfield>
      </datafield>
      <datafield ind1='1' ind2='0' tag='060'>
        <subfield code='a'>WY 18</subfield>
        <subfield code='b'>B598t 2009</subfield>
      </datafield>
      <datafield ind1='0' ind2='4' tag='082'>
        <subfield code='a'>610.73071</subfield>
        <subfield code='2'>22</subfield>
      </datafield>
      <datafield ind1='0' ind2='0' tag='245'>
        <subfield code='a'>Teaching in nursing :</subfield>
        <subfield code='b'>a guide for faculty /</subfield>
        <subfield code='c'>[edited by] Diane M. Billings, Judith A. Halstead.</subfield>
      </datafield>
      <datafield ind1=' ' ind2=' ' tag='250'>
        <subfield code='a'>3rd ed.</subfield>
      </datafield>
      <datafield ind1=' ' ind2=' ' tag='260'>
        <subfield code='a'>St. Louis, Mo. :</subfield>
        <subfield code='b'>Saunders/Elsevier,</subfield>
        <subfield code='c'>c2009.</subfield>
      </datafield>
      <datafield ind1=' ' ind2=' ' tag='300'>
        <subfield code='a'>xviii, 541 p. ;</subfield>
        <subfield code='c'>24 cm.</subfield>
      </datafield>
      <datafield ind1=' ' ind2=' ' tag='504'>
        <subfield code='a'>Includes bibliographical references and index.</subfield>
      </datafield>
      <datafield ind1='0' ind2=' ' tag='505'>
        <subfield code='a'>Teaching in nursing : the faculty role / Linda M. Finke -- The diverse learning needs of students / Debra S. Wellman -- The academic performance of students : legal and ethical issues / Elizabeth G. Johnson -- Teaching students with disabilities / Betsy Frank -- Curriculum development : an overview / Nancy Dillard, Linda Siktberg -- Forces and issues influencing curriculum development / Joanne Rains Warner, Terry R. Misener -- Philosophical foundations of the curriculum / Judie Csokasy -- Curriculum designs / Donna L. Boland, Linda M. Finke -- Developing curriculum : frameworks, outcomes, and competencies / Donna L. Boland -- Selecting learning experiences to achieve curriculum outcomes / Martha Scheckel -- Service learning : developing values and social responsibility / Carla Mueller, Diane M. Billings -- From teaching to learning : theoretical foundations / Melissa Vandeveer -- Managing the learning environment : proactively responding to student misconduct / Karen M. Whitney -- Strategies to promote critical thinking and active learning / Connie J. Rowles, Barbara Lynn Russo -- Improving teaching and learning : classroom assessment techniques / Connie J. Rowles -- Multicultural education in nursing / Lillian Gatlin Stokes, Natasha Flowers -- Teaching in the clinical setting / Lillian Gatlin Stokes, Gail C. Kost -- The learning resource center / Kay E. Hodson-Carlton -- Designing, implementing, and evaluating simulations in nursing education / Pamela R. Jeffries, John M. Clochesy, Marcella T. Hovancsek -- Using media, multimedia, and technology-rich learning environments / Enid Errante Zwirn, Alexander Muehlenkord -- Teaching and learning at a distance / Roy W. Ramsey, Charlene E. Clark -- Teaching and learning in online learning communities / Judith A. Halstead, Diane M. Billings -- The evaluation process : an overview / Mary P. Bourke, Barbara A. Ihrke -- Strategies for assessing/evaluating learning outcomes / Jane M. Kirkpatrick, Diann A. DeWitt -- Developing and using classroom tests / Prudence Twigg -- Clinical performance evaluation / Wanda Bonnel -- Educational program evaluation / Marcia K. Sauter, David R. Johnson, Nancy Nightingale Gillespie.</subfield>
      </datafield>
      <datafield ind1=' ' ind2=' ' tag='541'>
        <subfield code='a'>Purchased for the Margaret Baggett Dolan Nursing Collection</subfield>
        <subfield code='c'>(Gift :</subfield>
        <subfield code='d'>2008 :</subfield>
        <subfield code='f'>Health Sciences Library,</subfield>
        <subfield code='3'>c. 1)</subfield>
      </datafield>
      <datafield ind1='1' ind2='2' tag='650'>
        <subfield code='a'>Education, Nursing</subfield>
        <subfield code='x'>methods.</subfield>
      </datafield>
      <datafield ind1=' ' ind2='0' tag='650'>
        <subfield code='a'>Nursing</subfield>
        <subfield code='x'>Study and teaching.</subfield>
      </datafield>
      <datafield ind1='2' ind2='2' tag='650'>
        <subfield code='a'>Faculty, Nursing.</subfield>
      </datafield>
      <datafield ind1='2' ind2='2' tag='650'>
        <subfield code='a'>Teaching</subfield>
        <subfield code='x'>methods.</subfield>
      </datafield>
      <datafield ind1='1' ind2=' ' tag='700'>
        <subfield code='a'>Billings, Diane McGovern.</subfield>
      </datafield>
      <datafield ind1='1' ind2=' ' tag='700'>
        <subfield code='a'>Halstead, Judith A.</subfield>
      </datafield>
      <datafield ind1='2' ind2=' ' tag='710'>
        <subfield code='a'>Margaret Baggett Dolan Nursing Collection.</subfield>
      </datafield>
      <datafield ind1=' ' ind2=' ' tag='907'>
        <subfield code='a'>b5568903</subfield>
      </datafield>
      <datafield ind1='9' ind2='1' tag='999'>
        <subfield code='i'>i7385001</subfield>
        <subfield code='l'>nohh</subfield>
        <subfield code='s'>n</subfield>
        <subfield code='t'>0</subfield>
        <subfield code='c'>1</subfield>
        <subfield code='o'>16</subfield>
        <subfield code='d'>20170406</subfield>
        <subfield code='b'>H00463412K</subfield>
        <subfield code='p'>096</subfield>
        <subfield code='q'>|aWY 18|bB598t 2009</subfield>
      </datafield>
  </record>