
  <record>
    <leader>00000cam a22003257  4500</leader>
      <controlfield tag='006'>m    |o  d |</controlfield>
      <controlfield tag='007'>cr |n||||||||a</controlfield>
      <controlfield tag='008'>151014s2015    mau||||fo|||| 000 0 eng d</controlfield>
      <controlfield tag='001'>NBERw21548</controlfield>
      <controlfield tag='003'>NBER</controlfield>
      <controlfield tag='005'>20151014035541.0</controlfield>
      <datafield ind1='1' ind2=' ' tag='100'>
        <subfield code='a'>Abel, Andrew B.,</subfield>
        <subfield code='d'>1952-</subfield>
      </datafield>
      <datafield ind1='1' ind2='0' tag='245'>
        <subfield code='a'>Optimal Debt and Profitability in the Tradeoff Theory</subfield>
        <subfield code='h'>[electronic resource] /</subfield>
        <subfield code='c'>Andrew B. Abel.</subfield>
      </datafield>
      <datafield ind1=' ' ind2=' ' tag='260'>
        <subfield code='a'>Cambridge, Mass. :</subfield>
        <subfield code='b'>National Bureau of Economic Research,</subfield>
        <subfield code='c'>2015.</subfield>
      </datafield>
      <datafield ind1=' ' ind2=' ' tag='300'>
        <subfield code='a'>1 online resource.</subfield>
      </datafield>
      <datafield ind1=' ' ind2=' ' tag='500'>
        <subfield code='a'>September 2015.</subfield>
      </datafield>
      <datafield ind1='1' ind2=' ' tag='506'>
        <subfield code='a'>Access limited to UNC Chapel Hill-authenticated users.</subfield>
        <subfield code='f'>Unlimited simultaneous users</subfield>
      </datafield>
      <datafield ind1='3' ind2=' ' tag='520'>
        <subfield code='a'>I develop a dynamic model of leverage with tax deductible interest and an endogenous cost of default. The interest rate includes a premium to compensate lenders for expected losses in default. A borrowing constraint is generated by lenders&apos;  unwillingness to lend an amount that would trigger immediate default. When the borrowing constraint is not binding, the tradeoff theory of debt holds: optimal debt equates the marginal tax shield and the marginal expected cost of default. Contrary to conventional interpretation, increases in current or future profitability reduce the optimal leverage ratio when the tradeoff theory holds, consistent with empirical findings.</subfield>
      </datafield>
      <datafield ind1='0' ind2=' ' tag='773'>
        <subfield code='t'>National Bureau of Economic Research (NBER) working papers (online collection)</subfield>
      </datafield>
      <datafield ind1=' ' ind2='0' tag='830'>
        <subfield code='a'>Working paper series (National Bureau of Economic Research : Online) ;</subfield>
        <subfield code='v'>working paper no. 21548.</subfield>
      </datafield>
      <datafield ind1='4' ind2='0' tag='856'>
        <subfield code='u'>http://libproxy.lib.unc.edu/login?url=http://www.nber.org/papers/w21548</subfield>
        <subfield code='y'>Full text available via the UNC-Chapel Hill Libraries</subfield>
        <subfield code='x'>NBER electronic working paper</subfield>
      </datafield>
      <datafield ind1=' ' ind2='1' tag='907'>
        <subfield code='a'>b8358664</subfield>
      </datafield>
  </record>