
  <record>
    <leader>00000cam  2200133Ii 4500</leader>
      <controlfield tag='008'>910612s1928    enk           000 0 eng d</controlfield>
      <controlfield tag='001'>6746412</controlfield>
      <controlfield tag='005'>19910612000000.0</controlfield>
      <datafield ind1=' ' ind2=' ' tag='040'>
        <subfield code='a'>AZU</subfield>
        <subfield code='c'>AZU</subfield>
      </datafield>
      <datafield ind1='1' ind2=' ' tag='100'>
        <subfield code='a'>Roberts, Elizabeth Madox,</subfield>
        <subfield code='d'>1881-1941.</subfield>
      </datafield>
      <datafield ind1='1' ind2='0' tag='245'>
        <subfield code='a'>Under the tree :</subfield>
        <subfield code='b'>poems /</subfield>
        <subfield code='c'>by Elizabeth Madox Roberts.</subfield>
      </datafield>
      <datafield ind1=' ' ind2=' ' tag='260'>
        <subfield code='a'>London :</subfield>
        <subfield code='b'>J. Cape,</subfield>
        <subfield code='c'>1928.</subfield>
      </datafield>
      <datafield ind1=' ' ind2=' ' tag='300'>
        <subfield code='a'>64 p. ;</subfield>
        <subfield code='c'>20 cm.</subfield>
      </datafield>
      <datafield ind1=' ' ind2=' ' tag='907'>
        <subfield code='a'>b1720367</subfield>
      </datafield>
      <datafield ind1='9' ind2='1' tag='999'>
        <subfield code='i'>i2466917</subfield>
        <subfield code='l'>trln</subfield>
        <subfield code='s'>-</subfield>
        <subfield code='t'>0</subfield>
        <subfield code='c'>2</subfield>
        <subfield code='o'>0</subfield>
        <subfield code='b'>00020483479</subfield>
        <subfield code='p'>090</subfield>
        <subfield code='q'>|aPS3535.O172 U6 1928</subfield>
      </datafield>
  </record>