
  <record>
    <leader>00000nam  2200409Ma 4500</leader>
      <controlfield tag='008'>030801s2001    mx abe   c    001 0 spa d</controlfield>
      <controlfield tag='001'>197080095</controlfield>
      <controlfield tag='003'>OCoLC</controlfield>
      <controlfield tag='005'>20080801110105.0</controlfield>
      <datafield ind1=' ' ind2=' ' tag='020'>
        <subfield code='a'>9683647413 (obra completa)</subfield>
      </datafield>
      <datafield ind1=' ' ind2=' ' tag='020'>
        <subfield code='a'>9789683647412 (obra completa)</subfield>
      </datafield>
      <datafield ind1=' ' ind2=' ' tag='020'>
        <subfield code='a'>9683697720 (t.3)</subfield>
      </datafield>
      <datafield ind1=' ' ind2=' ' tag='020'>
        <subfield code='a'>9789683697721 (t.3)</subfield>
      </datafield>
      <datafield ind1=' ' ind2=' ' tag='020'>
        <subfield code='a'>9683697828 (t.4)</subfield>
      </datafield>
      <datafield ind1=' ' ind2=' ' tag='020'>
        <subfield code='a'>9789683697820 (t.4)</subfield>
      </datafield>
      <datafield ind1=' ' ind2=' ' tag='035'>
        <subfield code='a'>(OCoLC)197080095</subfield>
      </datafield>
      <datafield ind1=' ' ind2=' ' tag='040'>
        <subfield code='a'>MZA</subfield>
        <subfield code='c'>MZA</subfield>
      </datafield>
      <datafield ind1=' ' ind2=' ' tag='043'>
        <subfield code='a'>n-mx---</subfield>
      </datafield>
      <datafield ind1=' ' ind2=' ' tag='049'>
        <subfield code='a'>NOCC</subfield>
      </datafield>
      <datafield ind1='0' ind2='3' tag='245'>
        <subfield code='a'>La pintura mural prehispánica en México :</subfield>
        <subfield code='b'>área Maya /</subfield>
        <subfield code='c'>directora del proyecto, Beatriz de la Fuente ; coordinadora, Leticia Staines Cicero.</subfield>
      </datafield>
      <datafield ind1='3' ind2='0' tag='246'>
        <subfield code='a'>Área maya</subfield>
      </datafield>
      <datafield ind1=' ' ind2=' ' tag='250'>
        <subfield code='a'>1a ed.</subfield>
      </datafield>
      <datafield ind1=' ' ind2=' ' tag='260'>
        <subfield code='a'>Mexico, D.F. :</subfield>
        <subfield code='b'>Universidad Nacional Autónoma de México ;</subfield>
        <subfield code='b'>Instituto de Investigaciones Estéticas,</subfield>
        <subfield code='c'>2001.</subfield>
      </datafield>
      <datafield ind1=' ' ind2=' ' tag='300'>
        <subfield code='a'>2 v. (xiii, 557 p.) :</subfield>
        <subfield code='b'>ill. (some col., some folded), maps, plans ;</subfield>
        <subfield code='c'>33 cm.</subfield>
      </datafield>
      <datafield ind1=' ' ind2=' ' tag='504'>
        <subfield code='a'>Includes bibliographical references and indexes.</subfield>
      </datafield>
      <datafield ind1='0' ind2=' ' tag='505'>
        <subfield code='a'>t. 3. Estudios -- t. 4. Estudios</subfield>
      </datafield>
      <datafield ind1=' ' ind2='0' tag='650'>
        <subfield code='a'>Maya mural painting and decoration</subfield>
        <subfield code='z'>Mexico</subfield>
        <subfield code='v'>Catalogs.</subfield>
      </datafield>
      <datafield ind1=' ' ind2='0' tag='650'>
        <subfield code='a'>Mayas</subfield>
        <subfield code='x'>Antiquities</subfield>
        <subfield code='v'>Catalogs.</subfield>
      </datafield>
      <datafield ind1=' ' ind2='0' tag='651'>
        <subfield code='a'>Mexico</subfield>
        <subfield code='x'>Antiquities</subfield>
        <subfield code='v'>Catalogs.</subfield>
      </datafield>
      <datafield ind1='1' ind2=' ' tag='700'>
        <subfield code='a'>Fuente, Beatriz de la.</subfield>
      </datafield>
      <datafield ind1='1' ind2=' ' tag='700'>
        <subfield code='a'>Staines Cicero, Leticia.</subfield>
      </datafield>
      <datafield ind1=' ' ind2='0' tag='830'>
        <subfield code='a'>Pintura mural prehispánica en México ;</subfield>
        <subfield code='v'>2.</subfield>
      </datafield>
      <datafield ind1=' ' ind2=' ' tag='907'>
        <subfield code='a'>b5680615</subfield>
      </datafield>
      <datafield ind1='9' ind2='1' tag='999'>
        <subfield code='i'>i7446551</subfield>
        <subfield code='l'>wcdd</subfield>
        <subfield code='s'>o</subfield>
        <subfield code='t'>0</subfield>
        <subfield code='c'>1</subfield>
        <subfield code='o'>0</subfield>
        <subfield code='b'>00031938262</subfield>
        <subfield code='p'>099</subfield>
        <subfield code='q'>|a125473</subfield>
      </datafield>
  </record>