
  <record>
    <leader>00000cam  2200181Ka 4500</leader>
      <controlfield tag='008'>921208s1966    xx       b    000 0 eng d</controlfield>
      <controlfield tag='001'>27083170</controlfield>
      <controlfield tag='005'>19950119165616.0</controlfield>
      <datafield ind1=' ' ind2=' ' tag='040'>
        <subfield code='a'>DGW</subfield>
        <subfield code='c'>DGW</subfield>
      </datafield>
      <datafield ind1='1' ind2=' ' tag='100'>
        <subfield code='a'>Kleiman, Herbert S.</subfield>
      </datafield>
      <datafield ind1='1' ind2='4' tag='245'>
        <subfield code='a'>The integrated circuit :</subfield>
        <subfield code='b'>a case of product innovation in the electronics industry /</subfield>
        <subfield code='c'>by Herbert S. Kleiman.</subfield>
      </datafield>
      <datafield ind1=' ' ind2=' ' tag='260'>
        <subfield code='c'>1966.</subfield>
      </datafield>
      <datafield ind1=' ' ind2=' ' tag='300'>
        <subfield code='a'>ix, 250 leaves ;</subfield>
        <subfield code='c'>28 cm.</subfield>
      </datafield>
      <datafield ind1=' ' ind2=' ' tag='500'>
        <subfield code='a'>Typescript.</subfield>
      </datafield>
      <datafield ind1=' ' ind2=' ' tag='502'>
        <subfield code='a'>Thesis (Bus.Adm.D.)--George Washington University, 1966.</subfield>
      </datafield>
      <datafield ind1=' ' ind2=' ' tag='504'>
        <subfield code='a'>Includes bibliographical references.</subfield>
      </datafield>
      <datafield ind1=' ' ind2=' ' tag='907'>
        <subfield code='a'>b2658411</subfield>
      </datafield>
      <datafield ind1='9' ind2='1' tag='999'>
        <subfield code='i'>i3824073</subfield>
        <subfield code='l'>bbla</subfield>
        <subfield code='s'>-</subfield>
        <subfield code='t'>0</subfield>
        <subfield code='c'>1</subfield>
        <subfield code='o'>5</subfield>
        <subfield code='b'>10001249971</subfield>
        <subfield code='p'>090</subfield>
        <subfield code='q'>|aTK7874 .K455 1966</subfield>
      </datafield>
  </record>