
  <record>
    <leader>00000cam  2200373 a 4500</leader>
      <controlfield tag='008'>930609s1993    dcua     b   f000 0 eng d</controlfield>
      <controlfield tag='001'>28238075</controlfield>
      <controlfield tag='005'>19930609103443.0</controlfield>
      <datafield ind1=' ' ind2=' ' tag='020'>
        <subfield code='a'>0160408431</subfield>
      </datafield>
      <datafield ind1=' ' ind2=' ' tag='035'>
        <subfield code='a'>(GPO)93081132</subfield>
      </datafield>
      <datafield ind1=' ' ind2=' ' tag='040'>
        <subfield code='a'>GPO</subfield>
        <subfield code='c'>GPO</subfield>
        <subfield code='d'>DLC</subfield>
      </datafield>
      <datafield ind1=' ' ind2=' ' tag='043'>
        <subfield code='a'>n-us---</subfield>
      </datafield>
      <datafield ind1=' ' ind2=' ' tag='074'>
        <subfield code='a'>1016-A</subfield>
      </datafield>
      <datafield ind1=' ' ind2=' ' tag='074'>
        <subfield code='a'>1016-B (MF)</subfield>
      </datafield>
      <datafield ind1='0' ind2=' ' tag='086'>
        <subfield code='a'>Y 4.G 74/7:EN 2/27</subfield>
      </datafield>
      <datafield ind1='1' ind2=' ' tag='110'>
        <subfield code='a'>United States.</subfield>
        <subfield code='b'>Congress.</subfield>
        <subfield code='b'>House.</subfield>
        <subfield code='b'>Committee on Government Operations.</subfield>
        <subfield code='b'>Environment, Energy, and Natural Resources Subcommittee.</subfield>
      </datafield>
      <datafield ind1='1' ind2='0' tag='245'>
        <subfield code='a'>H.R. 776, the Comprehensive National Energy Policy Act, Title I, Subtitle B, and Title III :</subfield>
        <subfield code='b'>joint hearing before the Environment, Energy, and Natural Resources Subcommittee, the Information [i.e. Government Information], Justice, and Agriculture Subcommittee, and the Government Activities and Transportation Subcommittee of the Committee on Government Operations, House of Representatives, One Hundred Second Congress, second session, on H.R. 776, to provide for improved energy efficiency, April 28, 1992.</subfield>
      </datafield>
      <datafield ind1='3' ind2=' ' tag='246'>
        <subfield code='a'>HR 776, the Comprehensive National Energy Policy Act, Title I, Subtitle B, and Title III</subfield>
      </datafield>
      <datafield ind1=' ' ind2=' ' tag='260'>
        <subfield code='a'>Washington :</subfield>
        <subfield code='b'>U.S. G.P.O. :</subfield>
        <subfield code='b'>For sale by the U.S. G.P.O., Supt. of Docs., Congressional Sales Office,</subfield>
        <subfield code='c'>1993.</subfield>
      </datafield>
      <datafield ind1=' ' ind2=' ' tag='300'>
        <subfield code='a'>vi, 261 p. :</subfield>
        <subfield code='b'>ill. ;</subfield>
        <subfield code='c'>24 cm.</subfield>
      </datafield>
      <datafield ind1=' ' ind2=' ' tag='500'>
        <subfield code='a'>Distributed to some depository libraries in microfiche.</subfield>
      </datafield>
      <datafield ind1=' ' ind2=' ' tag='500'>
        <subfield code='a'>Shipping list no.: 93-0298-P.</subfield>
      </datafield>
      <datafield ind1=' ' ind2=' ' tag='504'>
        <subfield code='a'>Includes bibliographical references.</subfield>
      </datafield>
      <datafield ind1=' ' ind2='0' tag='650'>
        <subfield code='a'>Energy conservation</subfield>
        <subfield code='x'>Law and legislation</subfield>
        <subfield code='z'>United States.</subfield>
      </datafield>
      <datafield ind1=' ' ind2='0' tag='650'>
        <subfield code='a'>Public buildings</subfield>
        <subfield code='x'>Energy conservation</subfield>
        <subfield code='x'>Law and legislation</subfield>
        <subfield code='z'>United States.</subfield>
      </datafield>
      <datafield ind1=' ' ind2='0' tag='650'>
        <subfield code='a'>Water conservation</subfield>
        <subfield code='x'>Law and legislation</subfield>
        <subfield code='z'>United States.</subfield>
      </datafield>
      <datafield ind1=' ' ind2='0' tag='650'>
        <subfield code='a'>Spark ignition engines</subfield>
        <subfield code='x'>Alternative fuels</subfield>
        <subfield code='x'>Law and legislation</subfield>
        <subfield code='z'>United States.</subfield>
      </datafield>
      <datafield ind1=' ' ind2='0' tag='650'>
        <subfield code='a'>Motor vehicle fleets</subfield>
        <subfield code='x'>Fuel consumption</subfield>
        <subfield code='x'>Law and legislation</subfield>
        <subfield code='z'>United States.</subfield>
      </datafield>
      <datafield ind1=' ' ind2='0' tag='650'>
        <subfield code='a'>Energy policy</subfield>
        <subfield code='z'>United States.</subfield>
      </datafield>
      <datafield ind1='1' ind2=' ' tag='710'>
        <subfield code='a'>United States.</subfield>
        <subfield code='b'>Congress.</subfield>
        <subfield code='b'>House.</subfield>
        <subfield code='b'>Committee on Government Operations.</subfield>
        <subfield code='b'>Government Information, Justice, and Agriculture Subcommittee.</subfield>
      </datafield>
      <datafield ind1='1' ind2=' ' tag='710'>
        <subfield code='a'>United States.</subfield>
        <subfield code='b'>Congress.</subfield>
        <subfield code='b'>House.</subfield>
        <subfield code='b'>Committee on Government Operations.</subfield>
        <subfield code='b'>Government Activities and Transportation Subcommittee.</subfield>
      </datafield>
      <datafield ind1=' ' ind2=' ' tag='907'>
        <subfield code='a'>b3316346</subfield>
      </datafield>
      <datafield ind1='9' ind2='1' tag='999'>
        <subfield code='i'>i4716199</subfield>
        <subfield code='l'>dcpf</subfield>
        <subfield code='s'>-</subfield>
        <subfield code='t'>20</subfield>
        <subfield code='c'>1</subfield>
        <subfield code='o'>0</subfield>
        <subfield code='b'>HAYK-4068-00001</subfield>
        <subfield code='p'>086</subfield>
        <subfield code='q'>|aY 4.G 74/7:EN 2/27</subfield>
      </datafield>
      <datafield ind1='9' ind2='1' tag='999'>
        <subfield code='i'>i4716198</subfield>
        <subfield code='l'>kdfc</subfield>
        <subfield code='s'>o</subfield>
        <subfield code='t'>27</subfield>
        <subfield code='c'>1</subfield>
        <subfield code='o'>0</subfield>
        <subfield code='b'>HBEK-6526-00001</subfield>
        <subfield code='p'>086</subfield>
        <subfield code='q'>|aY 4.G 74/7:EN 2/27</subfield>
      </datafield>
  </record>