
  <record>
    <leader>00000cjm a2200397I  4500</leader>
      <controlfield tag='008'>780725s1962    nyuorn   ehi        ita d</controlfield>
      <controlfield tag='007'>sd bmme-------</controlfield>
      <controlfield tag='001'>4081191</controlfield>
      <controlfield tag='003'>OCoLC</controlfield>
      <controlfield tag='005'>20060606083123.0</controlfield>
      <datafield ind1='0' ind2='2' tag='028'>
        <subfield code='a'>VUX 2012</subfield>
        <subfield code='b'>Vox</subfield>
      </datafield>
      <datafield ind1=' ' ind2=' ' tag='040'>
        <subfield code='a'>GZN</subfield>
        <subfield code='c'>GZN</subfield>
        <subfield code='d'>OCL</subfield>
        <subfield code='d'>OCLCQ</subfield>
        <subfield code='d'>NOC</subfield>
      </datafield>
      <datafield ind1=' ' ind2=' ' tag='045'>
        <subfield code='a'>v0v0</subfield>
      </datafield>
      <datafield ind1=' ' ind2=' ' tag='049'>
        <subfield code='a'>NOCC</subfield>
      </datafield>
      <datafield ind1=' ' ind2='4' tag='050'>
        <subfield code='a'>M2000.H36</subfield>
        <subfield code='b'>R4  1962</subfield>
      </datafield>
      <datafield ind1='1' ind2=' ' tag='100'>
        <subfield code='a'>Handel, George Frideric,</subfield>
        <subfield code='d'>1685-1759.</subfield>
      </datafield>
      <datafield ind1='1' ind2='0' tag='240'>
        <subfield code='a'>Resurrezione.</subfield>
        <subfield code='l'>Italian</subfield>
      </datafield>
      <datafield ind1='1' ind2='3' tag='245'>
        <subfield code='a'>La Resurrezione</subfield>
        <subfield code='h'>[sound recording] ;</subfield>
        <subfield code='b'>complete oratorio.</subfield>
      </datafield>
      <datafield ind1=' ' ind2=' ' tag='260'>
        <subfield code='b'>Vox</subfield>
        <subfield code='c'>[1962]</subfield>
      </datafield>
      <datafield ind1=' ' ind2=' ' tag='300'>
        <subfield code='a'>2 discs.</subfield>
        <subfield code='c'>33 1/3 rpm.</subfield>
        <subfield code='e'>mono.</subfield>
        <subfield code='b'>12 in.</subfield>
      </datafield>
      <datafield ind1=' ' ind2=' ' tag='306'>
        <subfield code='a'>014708</subfield>
      </datafield>
      <datafield ind1=' ' ind2=' ' tag='500'>
        <subfield code='a'>Duration: 1 hr., 47 min., 8 sec.</subfield>
      </datafield>
      <datafield ind1=' ' ind2=' ' tag='500'>
        <subfield code='a'>Automatic sequence.</subfield>
      </datafield>
      <datafield ind1=' ' ind2=' ' tag='500'>
        <subfield code='a'>Program notes by Ewerhart ([2] p.) laid in container.</subfield>
      </datafield>
      <datafield ind1=' ' ind2=' ' tag='511'>
        <subfield code='a'>Vocal soloists with Santini-Kammerchor, and Santini-Kammerorchester, Münster; Rudolf Ewerhart, conductor.</subfield>
      </datafield>
      <datafield ind1=' ' ind2=' ' tag='518'>
        <subfield code='a'>Recorded in Germany.</subfield>
      </datafield>
      <datafield ind1=' ' ind2='7' tag='655'>
        <subfield code='a'>Oratorios.</subfield>
        <subfield code='2'>lcgft</subfield>
      </datafield>
      <datafield ind1='1' ind2=' ' tag='700'>
        <subfield code='a'>Ewerhart, Rudolf.</subfield>
        <subfield code='4'>prf</subfield>
      </datafield>
      <datafield ind1='2' ind2=' ' tag='710'>
        <subfield code='a'>Santini-Kammerchor (Münster, Germany)</subfield>
        <subfield code='4'>prf</subfield>
      </datafield>
      <datafield ind1='2' ind2=' ' tag='710'>
        <subfield code='a'>Santini-Kammerorchester.</subfield>
        <subfield code='4'>prf</subfield>
      </datafield>
      <datafield ind1=' ' ind2=' ' tag='907'>
        <subfield code='a'>b4873415</subfield>
      </datafield>
      <datafield ind1='9' ind2='1' tag='999'>
        <subfield code='i'>i6432248</subfield>
        <subfield code='l'>mmdd</subfield>
        <subfield code='s'>-</subfield>
        <subfield code='t'>50</subfield>
        <subfield code='c'>1</subfield>
        <subfield code='o'>0</subfield>
        <subfield code='p'>099</subfield>
        <subfield code='q'>|aA 459 LP</subfield>
      </datafield>
  </record>