
  <record>
    <leader>00000cam  2200193   4500</leader>
      <controlfield tag='008'>781208s1794    enk|||| a     00| ||eng d</controlfield>
      <controlfield tag='001'>M-ESTCT11396</controlfield>
      <controlfield tag='005'>19961111171354.0</controlfield>
      <datafield ind1=' ' ind2=' ' tag='040'>
        <subfield code='a'>Uk-ES</subfield>
        <subfield code='c'>Uk-ES</subfield>
        <subfield code='d'>Cu-RivES</subfield>
        <subfield code='d'>CStRLIN</subfield>
        <subfield code='d'>ResP</subfield>
      </datafield>
      <datafield ind1='1' ind2=' ' tag='100'>
        <subfield code='a'>Christie,</subfield>
        <subfield code='c'>Mr.</subfield>
        <subfield code='q'>(James),</subfield>
        <subfield code='d'>1730-1803.</subfield>
      </datafield>
      <datafield ind1='1' ind2='2' tag='245'>
        <subfield code='a'>A catalogue, &amp;c. Continuation of the fourth day&apos;s sale, Saturday, February the 1st, 1794. Books</subfield>
        <subfield code='h'>[microform].</subfield>
      </datafield>
      <datafield ind1='2' ind2=' ' tag='246'>
        <subfield code='a'>Catalogue of the valuable well-chosen select library of scarce books, the property of the late John Hunter, Esq. deceased.</subfield>
        <subfield code='f'>Part 2</subfield>
      </datafield>
      <datafield ind1=' ' ind2=' ' tag='260'>
        <subfield code='a'>[London,</subfield>
        <subfield code='c'>1794]</subfield>
      </datafield>
      <datafield ind1=' ' ind2=' ' tag='300'>
        <subfield code='a'>4p. ;</subfield>
        <subfield code='c'>4̕.</subfield>
      </datafield>
      <datafield ind1=' ' ind2=' ' tag='500'>
        <subfield code='a'>Part of the sale catalogue of John Hunter&apos;s books; it was separately issued.</subfield>
      </datafield>
      <datafield ind1=' ' ind2=' ' tag='533'>
        <subfield code='a'>Microfilm.</subfield>
        <subfield code='b'>Woodbridge, CT</subfield>
        <subfield code='c'>Research Publications, Inc.,</subfield>
        <subfield code='d'>1983.</subfield>
        <subfield code='e'>1 reel ; 35mm.</subfield>
        <subfield code='f'>(The Eighteenth Century ; reel 139, no. 40).</subfield>
      </datafield>
      <datafield ind1=' ' ind2='0' tag='830'>
        <subfield code='a'>Eighteenth century ;</subfield>
        <subfield code='v'>reel 139, no. 40.</subfield>
      </datafield>
      <datafield ind1=' ' ind2=' ' tag='907'>
        <subfield code='a'>b3845195</subfield>
      </datafield>
      <datafield ind1='9' ind2='1' tag='999'>
        <subfield code='i'>i5327405</subfield>
        <subfield code='l'>dgdaa</subfield>
        <subfield code='s'>-</subfield>
        <subfield code='t'>28</subfield>
        <subfield code='c'>1</subfield>
        <subfield code='o'>0</subfield>
        <subfield code='b'>HBDA-7499-00001</subfield>
        <subfield code='p'>099</subfield>
        <subfield code='q'>|a1-2586 reel 139, no. 40</subfield>
      </datafield>
  </record>