
  <record>
    <leader>00000cam a2200217Ii 4500</leader>
      <controlfield tag='008'>920807s1956    sp            000 0 spa d</controlfield>
      <controlfield tag='001'>2841445</controlfield>
      <controlfield tag='005'>19920807000000.0</controlfield>
      <datafield ind1=' ' ind2=' ' tag='040'>
        <subfield code='c'>TXU</subfield>
        <subfield code='d'>m.c.</subfield>
      </datafield>
      <datafield ind1='1' ind2=' ' tag='100'>
        <subfield code='a'>Prieto, Antonio.</subfield>
      </datafield>
      <datafield ind1='1' ind2='0' tag='245'>
        <subfield code='a'>Buenas noches, Argüelles :</subfield>
        <subfield code='b'>novela /</subfield>
        <subfield code='c'>Antonio Prieto.</subfield>
      </datafield>
      <datafield ind1=' ' ind2=' ' tag='260'>
        <subfield code='a'>Barcelona :</subfield>
        <subfield code='b'>Editorial Planeta,</subfield>
        <subfield code='c'>1956.</subfield>
      </datafield>
      <datafield ind1=' ' ind2=' ' tag='300'>
        <subfield code='a'>304 p. ;</subfield>
        <subfield code='c'>20 cm.</subfield>
      </datafield>
      <datafield ind1=' ' ind2='0' tag='830'>
        <subfield code='a'>Autores españoles contemporáneos.</subfield>
      </datafield>
      <datafield ind1=' ' ind2=' ' tag='907'>
        <subfield code='a'>b1438204</subfield>
      </datafield>
      <datafield ind1='9' ind2='1' tag='999'>
        <subfield code='i'>i2011365</subfield>
        <subfield code='l'>trln</subfield>
        <subfield code='s'>-</subfield>
        <subfield code='t'>0</subfield>
        <subfield code='c'>1</subfield>
        <subfield code='o'>0</subfield>
        <subfield code='b'>00040039500</subfield>
        <subfield code='p'>090</subfield>
        <subfield code='q'>|aPQ6629.R55 B8</subfield>
      </datafield>
  </record>