
  <record>
    <leader>00000cam  2200361Ka 4500</leader>
      <controlfield tag='006'>m        d f</controlfield>
      <controlfield tag='008'>040527s2001    dcu     s    f000 0 eng d</controlfield>
      <controlfield tag='007'>cr mn-</controlfield>
      <controlfield tag='001'>55496352</controlfield>
      <controlfield tag='005'>20040527103346.0</controlfield>
      <datafield ind1=' ' ind2=' ' tag='040'>
        <subfield code='a'>GPO</subfield>
        <subfield code='c'>GPO</subfield>
        <subfield code='d'>MvI</subfield>
      </datafield>
      <datafield ind1=' ' ind2=' ' tag='074'>
        <subfield code='a'>0989-B-01 (online)</subfield>
      </datafield>
      <datafield ind1='0' ind2=' ' tag='086'>
        <subfield code='a'>VA 1.34/2:2004020743</subfield>
      </datafield>
      <datafield ind1='1' ind2=' ' tag='110'>
        <subfield code='a'>United States.</subfield>
        <subfield code='b'>Department of Veterans Affairs.</subfield>
        <subfield code='b'>Media Relations.</subfield>
      </datafield>
      <datafield ind1='1' ind2='0' tag='245'>
        <subfield code='a'>HIV and AIDS treatment and research</subfield>
        <subfield code='h'>[electronic resource].</subfield>
      </datafield>
      <datafield ind1=' ' ind2=' ' tag='260'>
        <subfield code='a'>Washington, DC :</subfield>
        <subfield code='b'>U.S. Department of Veteran Affairs, Office of Public Affairs, Media Relations,</subfield>
        <subfield code='c'>[2001]</subfield>
      </datafield>
      <datafield ind1=' ' ind2=' ' tag='500'>
        <subfield code='a'>Title from title screen (viewed on May 21, 2004).</subfield>
      </datafield>
      <datafield ind1=' ' ind2=' ' tag='500'>
        <subfield code='a'>&quot;March 2001.&quot;</subfield>
      </datafield>
      <datafield ind1=' ' ind2=' ' tag='538'>
        <subfield code='a'>Mode of access: Internet from the VA Web site. Address as of 5/21/04: http://www1.va.gov/OPA/fact/pressrel/AIDS01fs.doc; current access is available via PURL.</subfield>
      </datafield>
      <datafield ind1=' ' ind2='0' tag='650'>
        <subfield code='a'>AIDS (Disease)</subfield>
        <subfield code='x'>Research</subfield>
        <subfield code='z'>United States.</subfield>
      </datafield>
      <datafield ind1=' ' ind2='0' tag='650'>
        <subfield code='a'>AIDS (Disease)</subfield>
        <subfield code='x'>Treatment</subfield>
        <subfield code='z'>United States.</subfield>
      </datafield>
      <datafield ind1=' ' ind2='0' tag='650'>
        <subfield code='a'>HIV (Viruses)</subfield>
        <subfield code='x'>Research</subfield>
        <subfield code='z'>United States.</subfield>
      </datafield>
      <datafield ind1=' ' ind2='0' tag='650'>
        <subfield code='a'>Veterans</subfield>
        <subfield code='x'>Medical care</subfield>
        <subfield code='z'>United States.</subfield>
      </datafield>
      <datafield ind1='1' ind2=' ' tag='710'>
        <subfield code='a'>United States.</subfield>
        <subfield code='b'>Department of Veterans Affairs.</subfield>
        <subfield code='b'>Office of Public Affairs.</subfield>
      </datafield>
      <datafield ind1=' ' ind2='0' tag='830'>
        <subfield code='a'>Fact sheet (United States. Department of Veterans Affairs. Media Relations)</subfield>
      </datafield>
      <datafield ind1='4' ind2='0' tag='856'>
        <subfield code='u'>http://purl.access.gpo.gov/GPO/LPS49335</subfield>
      </datafield>
      <datafield ind1=' ' ind2=' ' tag='919'>
        <subfield code='a'>dwsgpo</subfield>
      </datafield>
      <datafield ind1=' ' ind2=' ' tag='907'>
        <subfield code='a'>b4455047</subfield>
      </datafield>
  </record>