
  <record>
    <leader>00000cam  2200277Ia 4500</leader>
      <controlfield tag='008'>960103s1995    it            000 0 ita d</controlfield>
      <controlfield tag='001'>33981321</controlfield>
      <controlfield tag='005'>19960806164350.0</controlfield>
      <datafield ind1=' ' ind2=' ' tag='020'>
        <subfield code='a'>8811598508 (pbk.) :</subfield>
        <subfield code='c'>L35000</subfield>
      </datafield>
      <datafield ind1=' ' ind2=' ' tag='035'>
        <subfield code='a'>BBP9979</subfield>
      </datafield>
      <datafield ind1=' ' ind2=' ' tag='040'>
        <subfield code='a'>YSM</subfield>
        <subfield code='c'>YSM</subfield>
        <subfield code='d'>C3L</subfield>
        <subfield code='d'>NOC</subfield>
      </datafield>
      <datafield ind1=' ' ind2=' ' tag='043'>
        <subfield code='a'>e-it---</subfield>
      </datafield>
      <datafield ind1=' ' ind2=' ' tag='045'>
        <subfield code='a'>x0x4</subfield>
        <subfield code='a'>x4x-</subfield>
      </datafield>
      <datafield ind1='1' ind2=' ' tag='100'>
        <subfield code='a'>Luzi, Mario.</subfield>
      </datafield>
      <datafield ind1='1' ind2='0' tag='245'>
        <subfield code='a'>Naturalezza del poeta :</subfield>
        <subfield code='b'>saggi critici /</subfield>
        <subfield code='c'>Mario Luzi ; a cura di Giancarlo Quiriconi.</subfield>
      </datafield>
      <datafield ind1=' ' ind2=' ' tag='250'>
        <subfield code='a'>1a ed.</subfield>
      </datafield>
      <datafield ind1=' ' ind2=' ' tag='260'>
        <subfield code='a'>[Milano] :</subfield>
        <subfield code='b'>Garzanti,</subfield>
        <subfield code='c'>1995.</subfield>
      </datafield>
      <datafield ind1=' ' ind2=' ' tag='300'>
        <subfield code='a'>310 p. ;</subfield>
        <subfield code='c'>21 cm.</subfield>
      </datafield>
      <datafield ind1=' ' ind2='0' tag='650'>
        <subfield code='a'>Poetry</subfield>
        <subfield code='x'>History and criticism.</subfield>
      </datafield>
      <datafield ind1='1' ind2=' ' tag='700'>
        <subfield code='a'>Quiriconi, Giancarlo,</subfield>
        <subfield code='d'>1945-</subfield>
      </datafield>
      <datafield ind1=' ' ind2='0' tag='830'>
        <subfield code='a'>Saggi blu.</subfield>
      </datafield>
      <datafield ind1=' ' ind2=' ' tag='907'>
        <subfield code='a'>b2908604</subfield>
      </datafield>
      <datafield ind1='9' ind2='1' tag='999'>
        <subfield code='i'>i4147228</subfield>
        <subfield code='l'>ddda</subfield>
        <subfield code='s'>-</subfield>
        <subfield code='t'>0</subfield>
        <subfield code='c'>1</subfield>
        <subfield code='o'>0</subfield>
        <subfield code='b'>00012535964</subfield>
        <subfield code='p'>090</subfield>
        <subfield code='q'>|aPN1031 .L895 1995</subfield>
      </datafield>
  </record>