
  <record>
    <leader>00000nam  2200313 a 4500</leader>
      <controlfield tag='008'>970828s1997    mnuab    b   f000 0 eng d</controlfield>
      <controlfield tag='001'>37542654</controlfield>
      <controlfield tag='005'>19970828113823.0</controlfield>
      <datafield ind1=' ' ind2=' ' tag='035'>
        <subfield code='a'>(GPO)97067656</subfield>
      </datafield>
      <datafield ind1=' ' ind2=' ' tag='040'>
        <subfield code='a'>GPO</subfield>
        <subfield code='c'>GPO</subfield>
        <subfield code='d'>DLC</subfield>
        <subfield code='d'>MvI</subfield>
      </datafield>
      <datafield ind1=' ' ind2=' ' tag='043'>
        <subfield code='a'>n-us-mn</subfield>
      </datafield>
      <datafield ind1=' ' ind2=' ' tag='074'>
        <subfield code='a'>0624-B</subfield>
      </datafield>
      <datafield ind1='0' ind2=' ' tag='086'>
        <subfield code='a'>I 19.42/4:97-4089</subfield>
      </datafield>
      <datafield ind1='1' ind2=' ' tag='100'>
        <subfield code='a'>Lorenz, D. L.</subfield>
      </datafield>
      <datafield ind1='1' ind2='0' tag='245'>
        <subfield code='a'>Generalized skew coefficients for flood-frequency analysis in Minnesota /</subfield>
        <subfield code='c'>by D.L. Lorenz ; prepared in cooperation with the Minnesota Department of Transportation.</subfield>
      </datafield>
      <datafield ind1='3' ind2=' ' tag='246'>
        <subfield code='a'>Generalized skew coefficients for flood frequency analysis in Minnesota</subfield>
      </datafield>
      <datafield ind1=' ' ind2=' ' tag='260'>
        <subfield code='a'>Mounds View, Minn. :</subfield>
        <subfield code='b'>U.S. Dept. of the Interior, U.S. Geological Survey ;</subfield>
        <subfield code='a'>Denver, CO :</subfield>
        <subfield code='b'>Branch of Information Service [distributor],</subfield>
        <subfield code='c'>1997.</subfield>
      </datafield>
      <datafield ind1=' ' ind2=' ' tag='300'>
        <subfield code='a'>iii, 15 p. :</subfield>
        <subfield code='b'>ill., maps ;</subfield>
        <subfield code='c'>28 cm.</subfield>
      </datafield>
      <datafield ind1=' ' ind2=' ' tag='500'>
        <subfield code='a'>Shipping list no.: 97-0338-P.</subfield>
      </datafield>
      <datafield ind1=' ' ind2=' ' tag='504'>
        <subfield code='a'>Includes bibliographical references (p. 6).</subfield>
      </datafield>
      <datafield ind1=' ' ind2='0' tag='650'>
        <subfield code='a'>Flood forecasting</subfield>
        <subfield code='z'>Minnesota.</subfield>
      </datafield>
      <datafield ind1='1' ind2=' ' tag='710'>
        <subfield code='a'>Minnesota.</subfield>
        <subfield code='b'>Department of Transportation.</subfield>
      </datafield>
      <datafield ind1='2' ind2=' ' tag='710'>
        <subfield code='a'>Geological Survey (U.S.)</subfield>
      </datafield>
      <datafield ind1=' ' ind2='0' tag='830'>
        <subfield code='a'>Water-resources investigations report ;</subfield>
        <subfield code='v'>97-4089.</subfield>
      </datafield>
      <datafield ind1=' ' ind2=' ' tag='907'>
        <subfield code='a'>b3591151</subfield>
      </datafield>
      <datafield ind1='9' ind2='1' tag='999'>
        <subfield code='i'>i5028933</subfield>
        <subfield code='l'>dcpf</subfield>
        <subfield code='s'>-</subfield>
        <subfield code='t'>20</subfield>
        <subfield code='c'>1</subfield>
        <subfield code='o'>0</subfield>
        <subfield code='b'>00019769029</subfield>
        <subfield code='p'>086</subfield>
        <subfield code='q'>|aI19.42/4:97-4088-4092</subfield>
      </datafield>
  </record>