
  <record>
    <leader>00000ngm a2200481Ii 4500</leader>
      <controlfield tag='007'>vd cvaizu</controlfield>
      <controlfield tag='008'>150623r20102009ilu057 f          vleng d</controlfield>
      <controlfield tag='001'>911402341</controlfield>
      <controlfield tag='003'>OCoLC</controlfield>
      <controlfield tag='005'>20150623011117.0</controlfield>
      <datafield ind1=' ' ind2=' ' tag='035'>
        <subfield code='a'>(OCoLC)911402341</subfield>
      </datafield>
      <datafield ind1=' ' ind2=' ' tag='040'>
        <subfield code='a'>NOH</subfield>
        <subfield code='b'>eng</subfield>
        <subfield code='e'>rda</subfield>
        <subfield code='c'>NOH</subfield>
      </datafield>
      <datafield ind1=' ' ind2=' ' tag='049'>
        <subfield code='a'>NOHA</subfield>
      </datafield>
      <datafield ind1=' ' ind2='4' tag='050'>
        <subfield code='a'>RD593</subfield>
      </datafield>
      <datafield ind1='1' ind2='4' tag='060'>
        <subfield code='a'>WL 500</subfield>
      </datafield>
      <datafield ind1='0' ind2='0' tag='245'>
        <subfield code='a'>Nerve grafting in the upper extremity  /</subfield>
        <subfield code='c'>David J Slutsky, MD, FRCS(C), Assistant Professor, UCLA School of Medicine, Harbor-UCLA Dept of Orthopedics.</subfield>
      </datafield>
      <datafield ind1=' ' ind2='1' tag='264'>
        <subfield code='a'>Rosemont, IL :</subfield>
        <subfield code='b'>American Society for Surgery of the Hand,</subfield>
        <subfield code='c'>[2010?]</subfield>
      </datafield>
      <datafield ind1=' ' ind2=' ' tag='300'>
        <subfield code='a'>1 DVD (57 min.) :</subfield>
        <subfield code='b'>sound, color ;</subfield>
        <subfield code='c'>4 3/4 in.</subfield>
      </datafield>
      <datafield ind1=' ' ind2=' ' tag='336'>
        <subfield code='a'>two-dimensional moving image</subfield>
        <subfield code='b'>tdi</subfield>
        <subfield code='2'>rdacontent</subfield>
      </datafield>
      <datafield ind1=' ' ind2=' ' tag='337'>
        <subfield code='a'>video</subfield>
        <subfield code='b'>v</subfield>
        <subfield code='2'>rdamedia</subfield>
      </datafield>
      <datafield ind1=' ' ind2=' ' tag='338'>
        <subfield code='a'>videodisc</subfield>
        <subfield code='b'>vd</subfield>
        <subfield code='2'>rdacarrier</subfield>
      </datafield>
      <datafield ind1=' ' ind2=' ' tag='500'>
        <subfield code='a'>Title from title screen.</subfield>
      </datafield>
      <datafield ind1=' ' ind2=' ' tag='508'>
        <subfield code='a'>Produced by David J. Slutsky, MD, FRCS(C) for the American Society for Surgery of the Hand.</subfield>
      </datafield>
      <datafield ind1=' ' ind2=' ' tag='521'>
        <subfield code='a'>Medical: graduate; continuing education.</subfield>
        <subfield code='a'>Specialty: orthopedics, surgery, plastic.</subfield>
      </datafield>
      <datafield ind1=' ' ind2=' ' tag='534'>
        <subfield code='p'>Originally released:</subfield>
        <subfield code='c'>Rosemont, Ill. : The Society, ©2009.</subfield>
      </datafield>
      <datafield ind1=' ' ind2=' ' tag='538'>
        <subfield code='a'>DVD-R format. This disc is a recorded DVD and may fail to play on some DVD equipment.</subfield>
      </datafield>
      <datafield ind1=' ' ind2='0' tag='650'>
        <subfield code='a'>Nerves, Peripheral</subfield>
        <subfield code='x'>Surgery.</subfield>
      </datafield>
      <datafield ind1=' ' ind2='2' tag='650'>
        <subfield code='a'>Peripheral Nerves</subfield>
        <subfield code='x'>surgery.</subfield>
      </datafield>
      <datafield ind1=' ' ind2='2' tag='650'>
        <subfield code='a'>Nerve Regeneration.</subfield>
      </datafield>
      <datafield ind1=' ' ind2='0' tag='650'>
        <subfield code='a'>Nervous system</subfield>
        <subfield code='x'>Regeneration.</subfield>
      </datafield>
      <datafield ind1=' ' ind2='0' tag='650'>
        <subfield code='a'>Nervous system</subfield>
        <subfield code='x'>Wounds and injuries.</subfield>
      </datafield>
      <datafield ind1=' ' ind2='2' tag='650'>
        <subfield code='a'>Upper Extremity</subfield>
        <subfield code='x'>surgery.</subfield>
      </datafield>
      <datafield ind1=' ' ind2='0' tag='650'>
        <subfield code='a'>Arm</subfield>
        <subfield code='x'>Surgery.</subfield>
      </datafield>
      <datafield ind1='1' ind2=' ' tag='700'>
        <subfield code='a'>Slutsky, David J.,</subfield>
        <subfield code='e'>author,</subfield>
        <subfield code='e'>producer.</subfield>
      </datafield>
      <datafield ind1='2' ind2=' ' tag='710'>
        <subfield code='a'>American Society for Surgery of the Hand.</subfield>
      </datafield>
      <datafield ind1=' ' ind2='0' tag='830'>
        <subfield code='a'>Procedural DVD library (American Society for Surgery of the Hand).</subfield>
        <subfield code='n'>Disc 10.</subfield>
        <subfield code='p'>Nerve grafting.</subfield>
      </datafield>
      <datafield ind1=' ' ind2=' ' tag='907'>
        <subfield code='a'>b8262076</subfield>
      </datafield>
      <datafield ind1='9' ind2='1' tag='999'>
        <subfield code='i'>i10796552</subfield>
        <subfield code='l'>noha</subfield>
        <subfield code='s'>r</subfield>
        <subfield code='t'>60</subfield>
        <subfield code='c'>1</subfield>
        <subfield code='o'>0</subfield>
        <subfield code='b'>H00448378Y</subfield>
        <subfield code='p'>096</subfield>
        <subfield code='q'>|aWE 830|bP963 2010</subfield>
      </datafield>
  </record>