
  <record>
    <leader>00000cam a2200217Ia 4500</leader>
      <controlfield tag='008'>920807s1969    cl            000 0 spa d</controlfield>
      <controlfield tag='001'>1001410</controlfield>
      <controlfield tag='005'>19920807000000.0</controlfield>
      <datafield ind1=' ' ind2=' ' tag='040'>
        <subfield code='a'>BUF</subfield>
        <subfield code='c'>BUF</subfield>
        <subfield code='d'>m/c</subfield>
        <subfield code='d'>PIT</subfield>
      </datafield>
      <datafield ind1='1' ind2=' ' tag='100'>
        <subfield code='a'>Muñoz, Diego.</subfield>
      </datafield>
      <datafield ind1='1' ind2='0' tag='245'>
        <subfield code='a'>Cinco astillas /</subfield>
        <subfield code='c'>Diego Muñoz.</subfield>
      </datafield>
      <datafield ind1=' ' ind2=' ' tag='260'>
        <subfield code='a'>Santiago de Chile :</subfield>
        <subfield code='b'>Editorial Nascimento,</subfield>
        <subfield code='c'>[1969]</subfield>
      </datafield>
      <datafield ind1=' ' ind2=' ' tag='300'>
        <subfield code='a'>101 p. ;</subfield>
        <subfield code='c'>19 cm.</subfield>
      </datafield>
      <datafield ind1=' ' ind2='0' tag='830'>
        <subfield code='a'>Colección Vilanos.</subfield>
      </datafield>
      <datafield ind1=' ' ind2=' ' tag='907'>
        <subfield code='a'>b1220088</subfield>
      </datafield>
      <datafield ind1='9' ind2='1' tag='999'>
        <subfield code='i'>i1385532</subfield>
        <subfield code='l'>trln</subfield>
        <subfield code='s'>-</subfield>
        <subfield code='t'>0</subfield>
        <subfield code='c'>1</subfield>
        <subfield code='o'>0</subfield>
        <subfield code='b'>00039975660</subfield>
        <subfield code='p'>090</subfield>
        <subfield code='q'>|aPQ8097.M86 C5</subfield>
      </datafield>
  </record>