
  <record>
    <leader>00000cam  2200265 a 4500</leader>
      <controlfield tag='008'>020318s2002    enka     b    001 0 eng  </controlfield>
      <controlfield tag='001'>47938773</controlfield>
      <controlfield tag='005'>20020502125700.0</controlfield>
      <datafield ind1=' ' ind2=' ' tag='015'>
        <subfield code='a'>GBA1-V6295</subfield>
      </datafield>
      <datafield ind1=' ' ind2=' ' tag='020'>
        <subfield code='a'>1853838675</subfield>
      </datafield>
      <datafield ind1=' ' ind2=' ' tag='040'>
        <subfield code='a'>UKM</subfield>
        <subfield code='c'>UKM</subfield>
        <subfield code='d'>MUQ</subfield>
        <subfield code='d'>MIA</subfield>
        <subfield code='d'>NOC</subfield>
      </datafield>
      <datafield ind1='0' ind2='0' tag='245'>
        <subfield code='a'>Earth Summit 2002 :</subfield>
        <subfield code='b'>a new deal.</subfield>
      </datafield>
      <datafield ind1=' ' ind2=' ' tag='250'>
        <subfield code='a'>Rev. ed. /</subfield>
        <subfield code='b'>edited by Felix Dodds with Toby Middleton.</subfield>
      </datafield>
      <datafield ind1=' ' ind2=' ' tag='260'>
        <subfield code='a'>London :</subfield>
        <subfield code='b'>Earthscan,</subfield>
        <subfield code='c'>2001.</subfield>
      </datafield>
      <datafield ind1=' ' ind2=' ' tag='300'>
        <subfield code='a'>364 p. :</subfield>
        <subfield code='b'>ill. ;</subfield>
        <subfield code='c'>21 cm.</subfield>
      </datafield>
      <datafield ind1=' ' ind2=' ' tag='500'>
        <subfield code='a'>Previous ed.: / edited by Felix Dodds. 2000.</subfield>
      </datafield>
      <datafield ind1=' ' ind2=' ' tag='504'>
        <subfield code='a'>Includes bibliographical references and index.</subfield>
      </datafield>
      <datafield ind1=' ' ind2='0' tag='650'>
        <subfield code='a'>Environmental protection.</subfield>
      </datafield>
      <datafield ind1=' ' ind2='0' tag='650'>
        <subfield code='a'>Sustainable development.</subfield>
      </datafield>
      <datafield ind1=' ' ind2='0' tag='650'>
        <subfield code='a'>Environmental policy</subfield>
        <subfield code='x'>International cooperation.</subfield>
      </datafield>
      <datafield ind1=' ' ind2='0' tag='650'>
        <subfield code='a'>Economic development</subfield>
        <subfield code='x'>Environmental aspects.</subfield>
      </datafield>
      <datafield ind1='1' ind2=' ' tag='700'>
        <subfield code='a'>Dodds, Felix.</subfield>
      </datafield>
      <datafield ind1=' ' ind2=' ' tag='907'>
        <subfield code='a'>b4143139</subfield>
      </datafield>
      <datafield ind1='9' ind2='1' tag='999'>
        <subfield code='i'>i5682355</subfield>
        <subfield code='l'>ddda</subfield>
        <subfield code='s'>-</subfield>
        <subfield code='t'>0</subfield>
        <subfield code='c'>1</subfield>
        <subfield code='o'>4</subfield>
        <subfield code='b'>00020847336</subfield>
        <subfield code='p'>090</subfield>
        <subfield code='q'>|aHC79.E5 E15 2001</subfield>
      </datafield>
  </record>