
  <record>
    <leader>00000cam a2200457 a 4500</leader>
      <controlfield tag='008'>910410s1988    cc af         000 0 chi  </controlfield>
      <controlfield tag='001'>23974881</controlfield>
      <controlfield tag='005'>19911125154147.0</controlfield>
      <datafield ind1=' ' ind2=' ' tag='010'>
        <subfield code='a'>90210937 /ACN</subfield>
      </datafield>
      <datafield ind1=' ' ind2=' ' tag='019'>
        <subfield code='a'>22845268</subfield>
      </datafield>
      <datafield ind1=' ' ind2=' ' tag='020'>
        <subfield code='a'>7800534804</subfield>
      </datafield>
      <datafield ind1=' ' ind2=' ' tag='040'>
        <subfield code='a'>DLC</subfield>
        <subfield code='c'>DLC</subfield>
        <subfield code='d'>SM7</subfield>
        <subfield code='d'>NOC</subfield>
        <subfield code='d'>OCoLC</subfield>
      </datafield>
      <datafield ind1=' ' ind2=' ' tag='043'>
        <subfield code='a'>a-cc---</subfield>
      </datafield>
      <datafield ind1='0' ind2=' ' tag='050'>
        <subfield code='a'>NX583.Z9</subfield>
        <subfield code='b'>F47 1988</subfield>
      </datafield>
      <datafield ind1=' ' ind2=' ' tag='066'>
        <subfield code='c'>$1</subfield>
      </datafield>
      <datafield ind1='1' ind2=' ' tag='100'>
        <subfield code='6'>880-01</subfield>
        <subfield code='a'>Feng, Zikai,</subfield>
        <subfield code='d'>1898-1975.</subfield>
      </datafield>
      <datafield ind1='1' ind2='0' tag='245'>
        <subfield code='6'>880-02</subfield>
        <subfield code='a'>Feng Zikai yi zuo /</subfield>
        <subfield code='c'>Xia Zongyu bian.</subfield>
      </datafield>
      <datafield ind1=' ' ind2=' ' tag='250'>
        <subfield code='6'>880-03</subfield>
        <subfield code='a'>Di 1 ban.</subfield>
      </datafield>
      <datafield ind1=' ' ind2=' ' tag='260'>
        <subfield code='6'>880-04</subfield>
        <subfield code='a'>Beijing :</subfield>
        <subfield code='b'>Huaxia chu ban she,</subfield>
        <subfield code='c'>1988.</subfield>
      </datafield>
      <datafield ind1=' ' ind2=' ' tag='300'>
        <subfield code='a'>238 p., [1] leaf of plates :</subfield>
        <subfield code='b'>ill. (some col.) ;</subfield>
        <subfield code='c'>31 cm.</subfield>
      </datafield>
      <datafield ind1=' ' ind2=' ' tag='500'>
        <subfield code='a'>Colophon title: Feng Zikai yi mo.</subfield>
      </datafield>
      <datafield ind1='1' ind2='0' tag='600'>
        <subfield code='6'>880-06</subfield>
        <subfield code='a'>Feng, Zikai,</subfield>
        <subfield code='d'>1898-1975.</subfield>
      </datafield>
      <datafield ind1='1' ind2=' ' tag='700'>
        <subfield code='6'>880-07</subfield>
        <subfield code='a'>Xia, Zongyu.</subfield>
      </datafield>
      <datafield ind1='0' ind2=' ' tag='740'>
        <subfield code='6'>880-08</subfield>
        <subfield code='a'>Feng Zikai yi mo.</subfield>
      </datafield>
      <datafield ind1=' ' ind2='0' tag='830'>
        <subfield code='6'>880-09</subfield>
        <subfield code='a'>Huaxia wen hua cong shu.</subfield>
      </datafield>
      <datafield ind1='1' ind2=' ' tag='880'>
        <subfield code='6'>100-01/$1</subfield>
        <subfield code='a'>豐子愷,</subfield>
        <subfield code='d'>1898-1975.</subfield>
      </datafield>
      <datafield ind1='1' ind2='0' tag='880'>
        <subfield code='6'>245-02/$1</subfield>
        <subfield code='a'>豐子愷遺作 /</subfield>
        <subfield code='c'>夏宗禹编.</subfield>
      </datafield>
      <datafield ind1=' ' ind2=' ' tag='880'>
        <subfield code='6'>250-03/$1</subfield>
        <subfield code='a'>第1版.</subfield>
      </datafield>
      <datafield ind1=' ' ind2=' ' tag='880'>
        <subfield code='6'>260-04/$1</subfield>
        <subfield code='a'>北京 :</subfield>
        <subfield code='b'>华夏出版社,</subfield>
        <subfield code='c'>1988.</subfield>
      </datafield>
      <datafield ind1='1' ind2=' ' tag='880'>
        <subfield code='6'>490-05/$1</subfield>
        <subfield code='a'>華夏文化叢書</subfield>
      </datafield>
      <datafield ind1='1' ind2='0' tag='880'>
        <subfield code='6'>600-06/$1</subfield>
        <subfield code='a'>豐子愷,</subfield>
        <subfield code='d'>1898-1975.</subfield>
      </datafield>
      <datafield ind1='1' ind2='0' tag='880'>
        <subfield code='6'>700-07/$1</subfield>
        <subfield code='a'>夏宗禹.</subfield>
      </datafield>
      <datafield ind1='0' ind2='1' tag='880'>
        <subfield code='6'>740-08/$1</subfield>
        <subfield code='a'>丰子恺遺墨.</subfield>
      </datafield>
      <datafield ind1=' ' ind2='0' tag='880'>
        <subfield code='6'>830-09/$1</subfield>
        <subfield code='a'>華夏文化叢書.</subfield>
      </datafield>
      <datafield ind1=' ' ind2=' ' tag='907'>
        <subfield code='a'>b2531638</subfield>
      </datafield>
      <datafield ind1='9' ind2='1' tag='999'>
        <subfield code='i'>i3642924</subfield>
        <subfield code='l'>trln</subfield>
        <subfield code='s'>-</subfield>
        <subfield code='t'>0</subfield>
        <subfield code='c'>1</subfield>
        <subfield code='o'>0</subfield>
        <subfield code='b'>00007129644</subfield>
        <subfield code='p'>090</subfield>
        <subfield code='q'>|aNX583 .Z9 F47 1988</subfield>
      </datafield>
  </record>