
  <record>
    <leader>00000cam a2200253I  4500</leader>
      <controlfield tag='008'>790710s1926    dcuab         000 0 eng  </controlfield>
      <controlfield tag='001'>5155556</controlfield>
      <controlfield tag='005'>19960516105948.0</controlfield>
      <datafield ind1=' ' ind2=' ' tag='010'>
        <subfield code='a'>26012326</subfield>
      </datafield>
      <datafield ind1=' ' ind2=' ' tag='040'>
        <subfield code='a'>DLC</subfield>
        <subfield code='c'>IXA</subfield>
        <subfield code='d'>IXA</subfield>
        <subfield code='d'>SER</subfield>
      </datafield>
      <datafield ind1='0' ind2=' ' tag='050'>
        <subfield code='a'>F1409</subfield>
        <subfield code='b'>.P18 no.2</subfield>
      </datafield>
      <datafield ind1='1' ind2=' ' tag='100'>
        <subfield code='a'>Reid, William A.</subfield>
        <subfield code='q'>(William Alfred),</subfield>
        <subfield code='d'>1871-1955.</subfield>
      </datafield>
      <datafield ind1='1' ind2='0' tag='245'>
        <subfield code='a'>Seeing the Latin republics of North America:</subfield>
        <subfield code='b'>Cuba, Haiti, Panama, Mexico, Salvador, Honduras, Guatemala, Nicaragua, Costa Rica, Dominican Republic ...</subfield>
      </datafield>
      <datafield ind1=' ' ind2=' ' tag='260'>
        <subfield code='a'>Washington, D.C.</subfield>
        <subfield code='c'>[c1926]</subfield>
      </datafield>
      <datafield ind1=' ' ind2=' ' tag='300'>
        <subfield code='a'>123, [1] p.</subfield>
        <subfield code='b'>front., illus. (incl. maps)</subfield>
        <subfield code='c'>23 cm.</subfield>
      </datafield>
      <datafield ind1=' ' ind2=' ' tag='500'>
        <subfield code='a'>&quot;By William A. Reid.&quot;--p. [3]</subfield>
      </datafield>
      <datafield ind1=' ' ind2='0' tag='651'>
        <subfield code='a'>Latin America.</subfield>
      </datafield>
      <datafield ind1=' ' ind2='0' tag='830'>
        <subfield code='a'>Sightseeing series (Pan American Union) ;</subfield>
        <subfield code='v'>no. 2.</subfield>
      </datafield>
      <datafield ind1=' ' ind2=' ' tag='907'>
        <subfield code='a'>b2955252</subfield>
      </datafield>
      <datafield ind1='9' ind2='1' tag='999'>
        <subfield code='i'>i4208826</subfield>
        <subfield code='l'>trln</subfield>
        <subfield code='s'>-</subfield>
        <subfield code='t'>0</subfield>
        <subfield code='c'>1</subfield>
        <subfield code='o'>0</subfield>
        <subfield code='b'>00028860466</subfield>
        <subfield code='p'>092</subfield>
        <subfield code='q'>|a918 R35s</subfield>
      </datafield>
  </record>