
  <record>
    <leader>00000cam  2200277 a 4500</leader>
      <controlfield tag='008'>990208s1998    mx            000 0aspa c</controlfield>
      <controlfield tag='001'>40747204</controlfield>
      <controlfield tag='005'>20000427151007.0</controlfield>
      <datafield ind1=' ' ind2=' ' tag='020'>
        <subfield code='a'>9681656016</subfield>
      </datafield>
      <datafield ind1=' ' ind2=' ' tag='040'>
        <subfield code='a'>KUK</subfield>
        <subfield code='c'>KUK</subfield>
        <subfield code='d'>IQU</subfield>
        <subfield code='d'>NOC</subfield>
      </datafield>
      <datafield ind1=' ' ind2=' ' tag='042'>
        <subfield code='a'>pcc</subfield>
      </datafield>
      <datafield ind1=' ' ind2=' ' tag='043'>
        <subfield code='a'>n-mx---</subfield>
      </datafield>
      <datafield ind1=' ' ind2='4' tag='050'>
        <subfield code='a'>PQ7298.28.O18</subfield>
        <subfield code='b'>Z47 1998</subfield>
      </datafield>
      <datafield ind1='1' ind2=' ' tag='100'>
        <subfield code='a'>Robles, Martha.</subfield>
      </datafield>
      <datafield ind1='1' ind2='3' tag='245'>
        <subfield code='a'>La ley del padre /</subfield>
        <subfield code='c'>Martha Robles.</subfield>
      </datafield>
      <datafield ind1=' ' ind2=' ' tag='250'>
        <subfield code='a'>1. ed.</subfield>
      </datafield>
      <datafield ind1=' ' ind2=' ' tag='260'>
        <subfield code='a'>México, D.F. :</subfield>
        <subfield code='b'>Fondo de Cultura Económica,</subfield>
        <subfield code='c'>1998.</subfield>
      </datafield>
      <datafield ind1=' ' ind2=' ' tag='300'>
        <subfield code='a'>103 p. ;</subfield>
        <subfield code='c'>21 cm.</subfield>
      </datafield>
      <datafield ind1='1' ind2='0' tag='600'>
        <subfield code='a'>Robles, Martha.</subfield>
      </datafield>
      <datafield ind1=' ' ind2='0' tag='650'>
        <subfield code='a'>Women authors, Mexican</subfield>
        <subfield code='y'>20th century</subfield>
        <subfield code='v'>Biography.</subfield>
      </datafield>
      <datafield ind1=' ' ind2='0' tag='830'>
        <subfield code='a'>Letras mexicanas.</subfield>
      </datafield>
      <datafield ind1=' ' ind2=' ' tag='907'>
        <subfield code='a'>b3434807</subfield>
      </datafield>
      <datafield ind1='9' ind2='1' tag='999'>
        <subfield code='i'>i4859074</subfield>
        <subfield code='l'>ddda</subfield>
        <subfield code='s'>-</subfield>
        <subfield code='t'>0</subfield>
        <subfield code='c'>1</subfield>
        <subfield code='o'>2</subfield>
        <subfield code='b'>00017517368</subfield>
        <subfield code='p'>090</subfield>
        <subfield code='q'>|aPQ7298.28.O18 Z47 1998</subfield>
      </datafield>
  </record>