
  <record>
    <leader>00000ncm a2200253K  4500</leader>
      <controlfield tag='008'>070130s1894    pauuuu  r      n    zxx d</controlfield>
      <controlfield tag='001'>80756663</controlfield>
      <controlfield tag='003'>OCoLC</controlfield>
      <controlfield tag='005'>20070130134718.0</controlfield>
      <datafield ind1=' ' ind2=' ' tag='040'>
        <subfield code='a'>NOC</subfield>
        <subfield code='c'>NOC</subfield>
      </datafield>
      <datafield ind1=' ' ind2=' ' tag='049'>
        <subfield code='a'>NOCC</subfield>
      </datafield>
      <datafield ind1='1' ind2=' ' tag='100'>
        <subfield code='a'>Foerster, Adolph M.</subfield>
        <subfield code='q'>(Adolph Martin),</subfield>
        <subfield code='d'>1854-1927.</subfield>
      </datafield>
      <datafield ind1='1' ind2='0' tag='240'>
        <subfield code='a'>Fantasy pieces</subfield>
      </datafield>
      <datafield ind1='1' ind2='0' tag='245'>
        <subfield code='a'>12 fantasy pieces for the piano-forte ... Op. 38.</subfield>
      </datafield>
      <datafield ind1=' ' ind2=' ' tag='260'>
        <subfield code='a'>Pittsburgh,</subfield>
        <subfield code='b'>H. Kleber,</subfield>
        <subfield code='c'>c1894.</subfield>
      </datafield>
      <datafield ind1=' ' ind2=' ' tag='300'>
        <subfield code='a'>3 v. in 1.</subfield>
        <subfield code='c'>37 cm.</subfield>
      </datafield>
      <datafield ind1='0' ind2=' ' tag='505'>
        <subfield code='a'>v. 1. The evening star. Sylvan spirits. Evening bells. Canon, The sea. Harlequin.--v. 2. Pretty Marie. Triumphal march. Antique.--v. 3. Prelude. Mazurka. Homage to Rubinstein.</subfield>
      </datafield>
      <datafield ind1=' ' ind2=' ' tag='533'>
        <subfield code='a'>Xerox copy of original at University of Pittsburgh Music Library.</subfield>
      </datafield>
      <datafield ind1=' ' ind2=' ' tag='919'>
        <subfield code='a'>590 touched / wkg</subfield>
      </datafield>
      <datafield ind1=' ' ind2=' ' tag='907'>
        <subfield code='a'>b5156591</subfield>
      </datafield>
      <datafield ind1='9' ind2='1' tag='999'>
        <subfield code='i'>i6739901</subfield>
        <subfield code='l'>mmdb</subfield>
        <subfield code='s'>-</subfield>
        <subfield code='t'>45</subfield>
        <subfield code='c'>1</subfield>
        <subfield code='o'>0</subfield>
        <subfield code='p'>092</subfield>
        <subfield code='q'>|aM786.4|bF654f</subfield>
      </datafield>
  </record>