
  <record>
    <leader>00000nam  2200277 a 4500</leader>
      <controlfield tag='008'>890913s1989    coua         f000 0 eng d</controlfield>
      <controlfield tag='001'>20336734</controlfield>
      <datafield ind1=' ' ind2=' ' tag='035'>
        <subfield code='a'>(GPO)89019257</subfield>
      </datafield>
      <datafield ind1=' ' ind2=' ' tag='040'>
        <subfield code='a'>GPO</subfield>
        <subfield code='c'>GPO</subfield>
      </datafield>
      <datafield ind1=' ' ind2=' ' tag='043'>
        <subfield code='a'>n-us-co</subfield>
      </datafield>
      <datafield ind1=' ' ind2=' ' tag='074'>
        <subfield code='a'>603-G</subfield>
      </datafield>
      <datafield ind1='0' ind2=' ' tag='086'>
        <subfield code='a'>I 1.98:L 72/3/record</subfield>
      </datafield>
      <datafield ind1='1' ind2=' ' tag='110'>
        <subfield code='a'>United States.</subfield>
        <subfield code='b'>Bureau of Land Management.</subfield>
        <subfield code='b'>Little Snake Resource Area.</subfield>
      </datafield>
      <datafield ind1='1' ind2='0' tag='245'>
        <subfield code='a'>Record of decision :</subfield>
        <subfield code='b'>Little Snake resource management plan, Moffat, Rio Blanco, and Routt Counties, Colorado.</subfield>
      </datafield>
      <datafield ind1='3' ind2=' ' tag='246'>
        <subfield code='a'>Little Snake resource management plan and record of decision</subfield>
      </datafield>
      <datafield ind1=' ' ind2=' ' tag='260'>
        <subfield code='a'>[Craig, Colo.?] :</subfield>
        <subfield code='b'>U.S. Dept. of the Interior, Bureau of Land Management, Craig District, Little Snake Resource Area,</subfield>
        <subfield code='c'>[1989]</subfield>
      </datafield>
      <datafield ind1=' ' ind2=' ' tag='300'>
        <subfield code='a'>1 v. (various pagings) :</subfield>
        <subfield code='b'>ill. (some col.) ;</subfield>
        <subfield code='c'>28 cm.</subfield>
      </datafield>
      <datafield ind1=' ' ind2=' ' tag='500'>
        <subfield code='a'>Cover title: Little Snake resource management plan and record of decision.</subfield>
      </datafield>
      <datafield ind1=' ' ind2=' ' tag='500'>
        <subfield code='a'>Shipping list no.: 89-516-P.</subfield>
      </datafield>
      <datafield ind1=' ' ind2=' ' tag='500'>
        <subfield code='a'>Three maps on two folded sheets in pocket.</subfield>
      </datafield>
      <datafield ind1=' ' ind2=' ' tag='500'>
        <subfield code='a'>&quot;June 1989&quot;--Cover.</subfield>
      </datafield>
      <datafield ind1=' ' ind2='0' tag='650'>
        <subfield code='a'>Wilderness areas</subfield>
        <subfield code='z'>Colorado.</subfield>
      </datafield>
      <datafield ind1=' ' ind2='0' tag='650'>
        <subfield code='a'>Land use</subfield>
        <subfield code='z'>Colorado.</subfield>
      </datafield>
      <datafield ind1=' ' ind2='0' tag='650'>
        <subfield code='a'>Conservation of natural resources</subfield>
        <subfield code='z'>Colorado.</subfield>
      </datafield>
      <datafield ind1=' ' ind2='0' tag='650'>
        <subfield code='a'>Public lands</subfield>
        <subfield code='z'>Colorado.</subfield>
      </datafield>
      <datafield ind1=' ' ind2=' ' tag='907'>
        <subfield code='a'>b3583900</subfield>
      </datafield>
      <datafield ind1='9' ind2='1' tag='999'>
        <subfield code='i'>i5023406</subfield>
        <subfield code='l'>dcpf</subfield>
        <subfield code='s'>-</subfield>
        <subfield code='t'>20</subfield>
        <subfield code='c'>1</subfield>
        <subfield code='o'>0</subfield>
        <subfield code='b'>00019856684</subfield>
        <subfield code='p'>086</subfield>
        <subfield code='q'>|aI1.98:L72/3/record</subfield>
      </datafield>
  </record>