
  <record>
    <leader>00000cam  2200241Ia 4500</leader>
      <controlfield tag='008'>760213s1956    mnu           000 0 eng  </controlfield>
      <controlfield tag='001'>1988490</controlfield>
      <controlfield tag='005'>19941101134858.0</controlfield>
      <datafield ind1=' ' ind2=' ' tag='010'>
        <subfield code='a'>56002811 /L</subfield>
      </datafield>
      <datafield ind1=' ' ind2=' ' tag='040'>
        <subfield code='a'>DLC</subfield>
        <subfield code='c'>GAT</subfield>
        <subfield code='d'>NOC</subfield>
      </datafield>
      <datafield ind1='0' ind2=' ' tag='050'>
        <subfield code='a'>HD4815</subfield>
        <subfield code='b'>.M5 no.17</subfield>
      </datafield>
      <datafield ind1=' ' ind2=' ' tag='082'>
        <subfield code='a'>331.1072</subfield>
      </datafield>
      <datafield ind1='0' ind2='4' tag='245'>
        <subfield code='a'>The Industrial Relations Center, University of Minnesota.</subfield>
      </datafield>
      <datafield ind1=' ' ind2=' ' tag='260'>
        <subfield code='a'>Minneapolis :</subfield>
        <subfield code='b'>Published for the Industrial Relations Center by the University of Minnesota Press,</subfield>
        <subfield code='c'>[1956]</subfield>
      </datafield>
      <datafield ind1=' ' ind2=' ' tag='300'>
        <subfield code='a'>32 p. ;</subfield>
        <subfield code='c'>24 cm.</subfield>
      </datafield>
      <datafield ind1='2' ind2='0' tag='610'>
        <subfield code='a'>University of Minnesota.</subfield>
        <subfield code='b'>Industrial Relations Center.</subfield>
      </datafield>
      <datafield ind1='2' ind2=' ' tag='710'>
        <subfield code='a'>University of Minnesota.</subfield>
        <subfield code='b'>Industrial Relations Center.</subfield>
      </datafield>
      <datafield ind1=' ' ind2='0' tag='830'>
        <subfield code='a'>Bulletin (University of Minnesota. Industrial Relations Center) ;</subfield>
        <subfield code='v'>17.</subfield>
      </datafield>
      <datafield ind1=' ' ind2=' ' tag='907'>
        <subfield code='a'>b2632940</subfield>
      </datafield>
      <datafield ind1='9' ind2='1' tag='999'>
        <subfield code='i'>i3787042</subfield>
        <subfield code='l'>trln</subfield>
        <subfield code='s'>-</subfield>
        <subfield code='t'>0</subfield>
        <subfield code='c'>1</subfield>
        <subfield code='o'>0</subfield>
        <subfield code='b'>00021914939</subfield>
        <subfield code='p'>090</subfield>
        <subfield code='q'>|aHD4815 .M5 no. 17-18</subfield>
        <subfield code='v'>no.17-18</subfield>
      </datafield>
  </record>