
  <record>
    <leader>00000cam a2200337 i 4500</leader>
      <controlfield tag='008'>781027s1977    fr       bs  f000 0 fre  </controlfield>
      <controlfield tag='001'>4487379</controlfield>
      <controlfield tag='005'>19970425140126.0</controlfield>
      <datafield ind1=' ' ind2=' ' tag='010'>
        <subfield code='a'>78367778 //r962</subfield>
      </datafield>
      <datafield ind1=' ' ind2=' ' tag='015'>
        <subfield code='a'>F***</subfield>
      </datafield>
      <datafield ind1=' ' ind2=' ' tag='040'>
        <subfield code='a'>DLC</subfield>
        <subfield code='c'>DLC</subfield>
        <subfield code='d'>NOC</subfield>
      </datafield>
      <datafield ind1=' ' ind2=' ' tag='043'>
        <subfield code='a'>e-fr---</subfield>
      </datafield>
      <datafield ind1='0' ind2='0' tag='050'>
        <subfield code='a'>HC271</subfield>
        <subfield code='b'>.A218 no. 223</subfield>
        <subfield code='a'>HB3593</subfield>
      </datafield>
      <datafield ind1='0' ind2='0' tag='082'>
        <subfield code='a'>330/.08 s</subfield>
        <subfield code='a'>312/.0944</subfield>
      </datafield>
      <datafield ind1='1' ind2=' ' tag='100'>
        <subfield code='a'>Dinh, Quang Chi.</subfield>
      </datafield>
      <datafield ind1='1' ind2='3' tag='245'>
        <subfield code='a'>La situation démographique en 1974 /</subfield>
        <subfield code='c'>par Dinh Quang-Chi et Nicole Guignon-Back.</subfield>
      </datafield>
      <datafield ind1=' ' ind2=' ' tag='260'>
        <subfield code='a'>[Paris] :</subfield>
        <subfield code='b'>République française, Ministère de l&apos;économie et des finances, Institut national de la statistique et des études économiques,</subfield>
        <subfield code='c'>1977.</subfield>
      </datafield>
      <datafield ind1=' ' ind2=' ' tag='300'>
        <subfield code='a'>96 p. :</subfield>
        <subfield code='b'>graphs ;</subfield>
        <subfield code='c'>30 cm.</subfield>
      </datafield>
      <datafield ind1=' ' ind2=' ' tag='504'>
        <subfield code='a'>Includes bibliographical references.</subfield>
      </datafield>
      <datafield ind1=' ' ind2='0' tag='651'>
        <subfield code='a'>France</subfield>
        <subfield code='x'>Population</subfield>
        <subfield code='v'>Statistics.</subfield>
      </datafield>
      <datafield ind1='1' ind2=' ' tag='700'>
        <subfield code='a'>Guignon-Back, Nicole,</subfield>
        <subfield code='e'>author.</subfield>
      </datafield>
      <datafield ind1=' ' ind2='0' tag='830'>
        <subfield code='a'>Collections de l&apos;INSEE ;</subfield>
        <subfield code='v'>no 223.</subfield>
      </datafield>
      <datafield ind1=' ' ind2='0' tag='830'>
        <subfield code='a'>Collections de l&apos;INSEE.</subfield>
        <subfield code='n'>Série D ;</subfield>
        <subfield code='v'>50.</subfield>
      </datafield>
      <datafield ind1=' ' ind2=' ' tag='907'>
        <subfield code='a'>b3006681</subfield>
      </datafield>
      <datafield ind1='9' ind2='1' tag='999'>
        <subfield code='i'>i4276015</subfield>
        <subfield code='l'>trln</subfield>
        <subfield code='s'>-</subfield>
        <subfield code='t'>0</subfield>
        <subfield code='c'>1</subfield>
        <subfield code='o'>0</subfield>
        <subfield code='b'>00013826568</subfield>
        <subfield code='p'>090</subfield>
        <subfield code='q'>|aHB3593 .D56 1977</subfield>
      </datafield>
  </record>