
  <record>
    <leader>00000nam  2200217K  4500</leader>
      <controlfield tag='008'>030801s1950    nyuf          000 0 eng d</controlfield>
      <controlfield tag='001'>52765766</controlfield>
      <controlfield tag='005'>20030801082223.0</controlfield>
      <datafield ind1=' ' ind2=' ' tag='040'>
        <subfield code='a'>NOC</subfield>
        <subfield code='c'>NOC</subfield>
      </datafield>
      <datafield ind1='0' ind2='0' tag='245'>
        <subfield code='a'>Mid 19th century costume prints.</subfield>
        <subfield code='b'>Color facsimiles of famous French prints.</subfield>
        <subfield code='c'>Introduction by Phyllis F. Lucas.</subfield>
      </datafield>
      <datafield ind1='3' ind2=' ' tag='246'>
        <subfield code='a'>Costume prints, 19th century</subfield>
      </datafield>
      <datafield ind1=' ' ind2=' ' tag='260'>
        <subfield code='a'>[New York]</subfield>
        <subfield code='b'>C. Lucas</subfield>
        <subfield code='c'>[1950]</subfield>
      </datafield>
      <datafield ind1=' ' ind2=' ' tag='300'>
        <subfield code='a'>[2] p.</subfield>
        <subfield code='b'>8 plates.</subfield>
        <subfield code='c'>34 cm.</subfield>
      </datafield>
      <datafield ind1=' ' ind2=' ' tag='500'>
        <subfield code='a'>Cover-title.</subfield>
      </datafield>
      <datafield ind1=' ' ind2='0' tag='650'>
        <subfield code='a'>Fashion.</subfield>
      </datafield>
      <datafield ind1=' ' ind2='0' tag='650'>
        <subfield code='a'>Costume</subfield>
        <subfield code='z'>France.</subfield>
      </datafield>
      <datafield ind1='1' ind2=' ' tag='700'>
        <subfield code='a'>Lucas, Phyllis F.</subfield>
      </datafield>
      <datafield ind1=' ' ind2=' ' tag='907'>
        <subfield code='a'>b4341560</subfield>
      </datafield>
      <datafield ind1='9' ind2='1' tag='999'>
        <subfield code='i'>i5925045</subfield>
        <subfield code='l'>wcdb</subfield>
        <subfield code='s'>o</subfield>
        <subfield code='t'>0</subfield>
        <subfield code='c'>1</subfield>
        <subfield code='o'>0</subfield>
        <subfield code='b'>00042017076</subfield>
        <subfield code='p'>090</subfield>
        <subfield code='q'>|aGT871 .M5</subfield>
      </datafield>
      <datafield ind1='9' ind2='2' tag='999'>
        <subfield code='a'>c1930020</subfield>
        <subfield code='b'>wcdb</subfield>
        <subfield code='c'>0</subfield>
      </datafield>
      <datafield ind1='9' ind2='3' tag='999'>
        <subfield code='0'>c1930020</subfield>
        <subfield code='2'>852</subfield>
        <subfield code='3'>c</subfield>
        <subfield code='b'>572212</subfield>
        <subfield code='h'>GT871</subfield>
        <subfield code='i'>.M5</subfield>
      </datafield>
      <datafield ind1='9' ind2='3' tag='999'>
        <subfield code='0'>c1930020</subfield>
        <subfield code='2'>852</subfield>
        <subfield code='3'>c</subfield>
        <subfield code='p'>HBIB-5662-00001</subfield>
        <subfield code='t'>1</subfield>
        <subfield code='x'>rcp1326</subfield>
      </datafield>
  </record>