
  <record>
    <leader>00000cam  2200373   4500</leader>
      <controlfield tag='006'> m       d</controlfield>
      <controlfield tag='008'>931117s1780    enk|||| s    o00| ||eng c</controlfield>
      <controlfield tag='007'>cr||n||||||||n</controlfield>
      <controlfield tag='001'>N57987</controlfield>
      <controlfield tag='003'>CU-RivES</controlfield>
      <controlfield tag='005'>20070906095400.0</controlfield>
      <datafield ind1=' ' ind2=' ' tag='035'>
        <subfield code='a'>(Uk-ES)006052426</subfield>
      </datafield>
      <datafield ind1=' ' ind2=' ' tag='040'>
        <subfield code='a'>CU-RivES</subfield>
        <subfield code='c'>CU-RivES</subfield>
        <subfield code='d'>CU-RivES</subfield>
        <subfield code='d'>CStRLIN</subfield>
        <subfield code='d'>CU-RivES</subfield>
        <subfield code='d'>Cengage Gale</subfield>
      </datafield>
      <datafield ind1='1' ind2=' ' tag='110'>
        <subfield code='a'>Great Britain.</subfield>
      </datafield>
      <datafield ind1='1' ind2='0' tag='240'>
        <subfield code='a'>Public General Acts. 1779-1780. 20 Geo.III.c.57</subfield>
      </datafield>
      <datafield ind1='1' ind2='3' tag='245'>
        <subfield code='a'>An Act for enabling His Majesty to raise the sum of one million, for the uses and purposes therein mentioned</subfield>
        <subfield code='h'>[electronic resource].</subfield>
      </datafield>
      <datafield ind1=' ' ind2=' ' tag='260'>
        <subfield code='a'>[London :</subfield>
        <subfield code='b'>printed by Charles Eyre and William Strahan,</subfield>
        <subfield code='c'>1780]</subfield>
      </datafield>
      <datafield ind1=' ' ind2=' ' tag='300'>
        <subfield code='a'>1 online resource (875-878p.)</subfield>
      </datafield>
      <datafield ind1=' ' ind2=' ' tag='500'>
        <subfield code='a'>At head of drop-head title: &apos;Anno vicesimo Georgii III. Regis. Cap. LVII.&apos;.</subfield>
      </datafield>
      <datafield ind1=' ' ind2=' ' tag='500'>
        <subfield code='a'>Text in black letter.</subfield>
      </datafield>
      <datafield ind1=' ' ind2=' ' tag='500'>
        <subfield code='a'>Last word of first line of text: &apos;and&apos;; first word of line below initial: &apos;by&apos;; last word of last full line of text: &apos;not-&apos;.</subfield>
      </datafield>
      <datafield ind1=' ' ind2=' ' tag='500'>
        <subfield code='a'>Issued separately with a general titlepage, and also as part of: &apos;Anno Regni Georgii III. Regis Magnæ Britanniæ, Franciæ, &amp; Hiberniæ, vicesimo. At the Parliament begun and holden at Westminster, the twenty-ninth day of November, anno Domini 1774, .. And from thence continued, by several prorogations, to the twenty-fifth day of November, 1779; being the sixth session of the fourteenth Parliament of Great Britain.&apos;.</subfield>
      </datafield>
      <datafield ind1=' ' ind2=' ' tag='500'>
        <subfield code='a'>Imprint from chapter 1 general titlepage.</subfield>
      </datafield>
      <datafield ind1=' ' ind2=' ' tag='500'>
        <subfield code='a'>Reproduction of original from &quot;Department of Special Collections, Kenneth Spencer Research Library, University of Kansas&quot;.</subfield>
      </datafield>
      <datafield ind1='1' ind2=' ' tag='506'>
        <subfield code='a'>Access limited to UNC Chapel Hill-authenticated users.</subfield>
        <subfield code='f'>Unlimited simultaneous users</subfield>
      </datafield>
      <datafield ind1='4' ind2=' ' tag='510'>
        <subfield code='a'>English Short Title Catalog,</subfield>
        <subfield code='c'>N57987.</subfield>
      </datafield>
      <datafield ind1='2' ind2='0' tag='610'>
        <subfield code='a'>South Sea Company</subfield>
        <subfield code='x'>Finance.</subfield>
      </datafield>
      <datafield ind1='0' ind2=' ' tag='730'>
        <subfield code='a'>Anno Regni Georgii III. Regis Magnæ Britanniæ, Franciæ, &amp; Hiberniæ, vicesimo. At the Parliament begun and holden at Westminster, the twenty-ninth day of November, anno Domini 1774, .. And from thence continued, by several prorogations, to the twenty-fifth day of November, 1779; being the sixth session of the fourteenth Parliament of Great Britain.</subfield>
      </datafield>
      <datafield ind1=' ' ind2=' ' tag='752'>
        <subfield code='a'>Great Britain</subfield>
        <subfield code='b'>England</subfield>
        <subfield code='d'>London.</subfield>
      </datafield>
      <datafield ind1='0' ind2=' ' tag='773'>
        <subfield code='t'>Eighteenth century collections online (online collection). Part 2</subfield>
      </datafield>
      <datafield ind1='4' ind2='0' tag='856'>
        <subfield code='u'>http://libproxy.lib.unc.edu/login?url=http://find.galegroup.com/ecco/infomark.do?contentSet=ECCOArticles&amp;docType=ECCOArticles&amp;bookId=1356402700&amp;type=getFullCitation&amp;tabID=T001&amp;prodId=ECCO&amp;docLevel=TEXT_GRAPHICS&amp;version=1.0&amp;source=library&amp;userGroupName=unc_main</subfield>
        <subfield code='y'>Full text available via UNC-Chapel Hill</subfield>
        <subfield code='x'>ECCO electronic book</subfield>
      </datafield>
      <datafield ind1=' ' ind2=' ' tag='907'>
        <subfield code='a'>b6072988</subfield>
      </datafield>
  </record>