
  <record>
    <leader>00000cam  2200169Ia 4500</leader>
      <controlfield tag='008'>000103s1999    enk           000 1 eng d</controlfield>
      <controlfield tag='001'>43118989</controlfield>
      <controlfield tag='005'>20000303094239.0</controlfield>
      <datafield ind1=' ' ind2=' ' tag='020'>
        <subfield code='a'>1873982240</subfield>
      </datafield>
      <datafield ind1=' ' ind2=' ' tag='040'>
        <subfield code='a'>LPU</subfield>
        <subfield code='c'>LPU</subfield>
        <subfield code='d'>GSU</subfield>
        <subfield code='d'>NOC</subfield>
      </datafield>
      <datafield ind1='1' ind2=' ' tag='100'>
        <subfield code='a'>Filippini, Serge,</subfield>
        <subfield code='d'>1950-</subfield>
      </datafield>
      <datafield ind1='1' ind2='4' tag='245'>
        <subfield code='a'>The man in flames /</subfield>
        <subfield code='c'>Serge Filippini ; translated by Liz Nash.</subfield>
      </datafield>
      <datafield ind1=' ' ind2=' ' tag='260'>
        <subfield code='a'>England :</subfield>
        <subfield code='b'>Dedalus,</subfield>
        <subfield code='c'>1999.</subfield>
      </datafield>
      <datafield ind1=' ' ind2=' ' tag='300'>
        <subfield code='a'>367 p. ;</subfield>
        <subfield code='c'>20 cm.</subfield>
      </datafield>
      <datafield ind1=' ' ind2=' ' tag='907'>
        <subfield code='a'>b3379359</subfield>
      </datafield>
      <datafield ind1='9' ind2='1' tag='999'>
        <subfield code='i'>i4797416</subfield>
        <subfield code='l'>ddda</subfield>
        <subfield code='s'>-</subfield>
        <subfield code='t'>0</subfield>
        <subfield code='c'>1</subfield>
        <subfield code='o'>0</subfield>
        <subfield code='b'>00017307610</subfield>
        <subfield code='p'>090</subfield>
        <subfield code='q'>|aPQ2666.I43 H613 1999</subfield>
      </datafield>
  </record>