
  <record>
    <leader>00000nam  2200253 a 4500</leader>
      <controlfield tag='008'>901119s1990    dcua         f000 0 eng d</controlfield>
      <controlfield tag='001'>22712564</controlfield>
      <controlfield tag='005'>19901217102646.0</controlfield>
      <datafield ind1=' ' ind2=' ' tag='035'>
        <subfield code='a'>(GPO)91059882</subfield>
      </datafield>
      <datafield ind1=' ' ind2=' ' tag='040'>
        <subfield code='a'>DGPO</subfield>
        <subfield code='c'>DGPO</subfield>
        <subfield code='d'>DLC</subfield>
      </datafield>
      <datafield ind1=' ' ind2=' ' tag='043'>
        <subfield code='a'>n-us-mt</subfield>
      </datafield>
      <datafield ind1=' ' ind2=' ' tag='074'>
        <subfield code='a'>612-C</subfield>
      </datafield>
      <datafield ind1='0' ind2=' ' tag='086'>
        <subfield code='a'>I 49.44/2:R 24/3/990</subfield>
      </datafield>
      <datafield ind1=' ' ind2=' ' tag='088'>
        <subfield code='a'>RF 6-61570</subfield>
      </datafield>
      <datafield ind1='0' ind2='0' tag='245'>
        <subfield code='a'>Trumpeters of Red Rock Lakes.</subfield>
      </datafield>
      <datafield ind1=' ' ind2=' ' tag='260'>
        <subfield code='a'>[Washington, D.C.?] :</subfield>
        <subfield code='b'>U.S. Dept. of the Interior, Fish and Wildlife Service,</subfield>
        <subfield code='c'>[1990]</subfield>
      </datafield>
      <datafield ind1=' ' ind2=' ' tag='300'>
        <subfield code='a'>1 sheet :</subfield>
        <subfield code='b'>ill. (some col.) ;</subfield>
        <subfield code='c'>46 x 41 cm. folded to 23 x 11 cm.</subfield>
      </datafield>
      <datafield ind1=' ' ind2=' ' tag='500'>
        <subfield code='a'>Shipping list no.: 90-705-P.</subfield>
      </datafield>
      <datafield ind1=' ' ind2=' ' tag='500'>
        <subfield code='a'>&quot;September 1990&quot;--P. [2].</subfield>
      </datafield>
      <datafield ind1=' ' ind2=' ' tag='500'>
        <subfield code='a'>&quot;RF6-61570&quot;--P. [2].</subfield>
      </datafield>
      <datafield ind1=' ' ind2='0' tag='650'>
        <subfield code='a'>Water birds</subfield>
        <subfield code='z'>Montana.</subfield>
      </datafield>
      <datafield ind1=' ' ind2='0' tag='650'>
        <subfield code='a'>Trumpeter swan.</subfield>
      </datafield>
      <datafield ind1='2' ind2=' ' tag='710'>
        <subfield code='a'>U.S. Fish and Wildlife Service.</subfield>
      </datafield>
      <datafield ind1=' ' ind2=' ' tag='907'>
        <subfield code='a'>b3629118</subfield>
      </datafield>
      <datafield ind1='9' ind2='1' tag='999'>
        <subfield code='i'>i5071223</subfield>
        <subfield code='l'>dcpf</subfield>
        <subfield code='s'>-</subfield>
        <subfield code='t'>20</subfield>
        <subfield code='c'>1</subfield>
        <subfield code='o'>0</subfield>
        <subfield code='b'>HBBB-4328-00001</subfield>
        <subfield code='p'>086</subfield>
        <subfield code='q'>|aI49.44/2:R24/3/990</subfield>
      </datafield>
  </record>