
  <record>
    <leader>00000nas a22002173u 4500</leader>
      <controlfield tag='006'>m        d</controlfield>
      <controlfield tag='007'>cr  n</controlfield>
      <controlfield tag='008'>150707uuuuuuuuu||||| |ss||||||   ||||||d</controlfield>
      <controlfield tag='001'>ssib006592545</controlfield>
      <controlfield tag='003'>WaSeSS</controlfield>
      <controlfield tag='005'>20150707180319.0</controlfield>
      <datafield ind1=' ' ind2=' ' tag='022'>
        <subfield code='y'>2185-5218</subfield>
      </datafield>
      <datafield ind1=' ' ind2=' ' tag='035'>
        <subfield code='z'>(WaSeSS)ssib006592545</subfield>
      </datafield>
      <datafield ind1=' ' ind2=' ' tag='040'>
        <subfield code='a'>WaSeSS</subfield>
        <subfield code='c'>WaSeSS</subfield>
        <subfield code='d'>WaSeSS</subfield>
      </datafield>
      <datafield ind1='0' ind2=' ' tag='130'>
        <subfield code='a'>ANNUAL REPORT OF THE SOCIETY OF AGRICULTURAL CHEMICALS OF NORTH JAPAN (Online)</subfield>
      </datafield>
      <datafield ind1='1' ind2='0' tag='245'>
        <subfield code='a'>ANNUAL REPORT OF THE SOCIETY OF AGRICULTURAL CHEMICALS OF NORTH JAPAN</subfield>
        <subfield code='h'>[electronic resource].</subfield>
      </datafield>
      <datafield ind1=' ' ind2=' ' tag='260'>
        <subfield code='a'>[S.l.] :</subfield>
        <subfield code='b'>[s.n.]</subfield>
      </datafield>
      <datafield ind1=' ' ind2=' ' tag='500'>
        <subfield code='a'>Title from content provider.</subfield>
      </datafield>
      <datafield ind1=' ' ind2='0' tag='655'>
        <subfield code='a'>Electronic journals.</subfield>
      </datafield>
      <datafield ind1='4' ind2='0' tag='856'>
        <subfield code='y'>Full text available via the UNC-Chapel Hill Libraries</subfield>
        <subfield code='u'>http://VB3LK7EB4T.search.serialssolutions.com/?V=1.0&amp;L=VB3LK7EB4T&amp;S=JCs&amp;C=JC_006592545&amp;T=marc</subfield>
        <subfield code='x'>J-STAGE (Japan Science &amp; Technology Information Aggregator, Electronic) Freely Available Titles - English</subfield>
      </datafield>
      <datafield ind1='4' ind2='0' tag='907'>
        <subfield code='a'>b8266550</subfield>
      </datafield>
  </record>