
  <record>
    <leader>00000cam  2200193I  4500</leader>
      <controlfield tag='008'>800528s1941    ag h          000 0bspa  </controlfield>
      <controlfield tag='001'>6366793</controlfield>
      <controlfield tag='005'>19970516175023.0</controlfield>
      <datafield ind1=' ' ind2=' ' tag='010'>
        <subfield code='a'>42020143</subfield>
      </datafield>
      <datafield ind1=' ' ind2=' ' tag='040'>
        <subfield code='a'>DLC</subfield>
        <subfield code='c'>IXA</subfield>
      </datafield>
      <datafield ind1='0' ind2=' ' tag='050'>
        <subfield code='a'>F2976.C25</subfield>
        <subfield code='b'>N5</subfield>
      </datafield>
      <datafield ind1=' ' ind2=' ' tag='082'>
        <subfield code='a'>982</subfield>
      </datafield>
      <datafield ind1='1' ind2=' ' tag='100'>
        <subfield code='a'>Newton, Jorge.</subfield>
      </datafield>
      <datafield ind1='1' ind2='3' tag='245'>
        <subfield code='a'>El príncipe de los gauchos, Francisco Antonio Candioti, primer gobernador de Santa Fe.</subfield>
      </datafield>
      <datafield ind1=' ' ind2=' ' tag='260'>
        <subfield code='a'>[Buenos Aires,</subfield>
        <subfield code='b'>Ediciones Colmegna,</subfield>
        <subfield code='c'>1941]</subfield>
      </datafield>
      <datafield ind1=' ' ind2=' ' tag='300'>
        <subfield code='a'>134, [2] p.</subfield>
        <subfield code='b'>facsim.</subfield>
        <subfield code='c'>24 cm.</subfield>
      </datafield>
      <datafield ind1='1' ind2='0' tag='600'>
        <subfield code='a'>Candioti, Francisco Antonio,</subfield>
        <subfield code='d'>1743-1815.</subfield>
      </datafield>
      <datafield ind1=' ' ind2='0' tag='651'>
        <subfield code='a'>Santa Fe (Argentina : Province)</subfield>
        <subfield code='x'>History.</subfield>
      </datafield>
      <datafield ind1=' ' ind2=' ' tag='907'>
        <subfield code='a'>b3019438</subfield>
      </datafield>
      <datafield ind1='9' ind2='1' tag='999'>
        <subfield code='i'>i4295237</subfield>
        <subfield code='l'>trln</subfield>
        <subfield code='s'>-</subfield>
        <subfield code='t'>0</subfield>
        <subfield code='c'>1</subfield>
        <subfield code='o'>0</subfield>
        <subfield code='b'>00031436973</subfield>
        <subfield code='p'>092</subfield>
        <subfield code='q'>|a982 N564p</subfield>
      </datafield>
  </record>