
  <record>
    <leader>00000cam  22002292  4500</leader>
      <controlfield tag='008'>110829s1900    dcu          f000 0 eng d</controlfield>
      <controlfield tag='001'>hsl000835039</controlfield>
      <controlfield tag='003'>DGPO</controlfield>
      <controlfield tag='005'>20120928134627.0</controlfield>
      <datafield ind1=' ' ind2=' ' tag='040'>
        <subfield code='a'>GPO</subfield>
        <subfield code='c'>GPO</subfield>
      </datafield>
      <datafield ind1='0' ind2=' ' tag='086'>
        <subfield code='a'>I 19.1/A:C 56</subfield>
      </datafield>
      <datafield ind1='0' ind2='0' tag='245'>
        <subfield code='a'>Classification of lands /</subfield>
        <subfield code='c'>by Henry Garnett.</subfield>
      </datafield>
      <datafield ind1=' ' ind2=' ' tag='260'>
        <subfield code='a'>[Washington, D.C.],</subfield>
        <subfield code='c'>1900.</subfield>
      </datafield>
      <datafield ind1=' ' ind2=' ' tag='300'>
        <subfield code='a'>1 v.</subfield>
      </datafield>
      <datafield ind1=' ' ind2=' ' tag='500'>
        <subfield code='a'>From 21st Rp. pt. 5.</subfield>
      </datafield>
      <datafield ind1=' ' ind2=' ' tag='500'>
        <subfield code='a'>Maps in pocket.</subfield>
      </datafield>
      <datafield ind1=' ' ind2=' ' tag='500'>
        <subfield code='a'>CRDP Project Historic Shelflist record.</subfield>
      </datafield>
      <datafield ind1=' ' ind2='0' tag='650'>
        <subfield code='a'>Forests and forestry</subfield>
        <subfield code='z'>United States.</subfield>
      </datafield>
      <datafield ind1='2' ind2=' ' tag='710'>
        <subfield code='a'>Geological Service (U.S.)</subfield>
      </datafield>
      <datafield ind1=' ' ind2=' ' tag='907'>
        <subfield code='a'>b7121484</subfield>
      </datafield>
      <datafield ind1='9' ind2='1' tag='999'>
        <subfield code='i'>i9592677</subfield>
        <subfield code='l'>dcpf</subfield>
        <subfield code='s'>-</subfield>
        <subfield code='t'>20</subfield>
        <subfield code='c'>1</subfield>
        <subfield code='o'>0</subfield>
        <subfield code='p'>086</subfield>
        <subfield code='q'>|aI 19.1/A:C 56</subfield>
        <subfield code='n'>Need Help? Ask at Davis RefDesk</subfield>
      </datafield>
  </record>