
  <record>
    <leader>00000cam  2200241Ia 4500</leader>
      <controlfield tag='008'>021113s2002    fr            000 0dfre d</controlfield>
      <controlfield tag='001'>51058907</controlfield>
      <controlfield tag='005'>20030425105818.0</controlfield>
      <datafield ind1=' ' ind2=' ' tag='020'>
        <subfield code='a'>2130524125</subfield>
      </datafield>
      <datafield ind1=' ' ind2=' ' tag='040'>
        <subfield code='a'>TZT</subfield>
        <subfield code='c'>TZT</subfield>
        <subfield code='d'>CUS</subfield>
        <subfield code='d'>NOC</subfield>
      </datafield>
      <datafield ind1='1' ind2='4' tag='082'>
        <subfield code='a'>809</subfield>
        <subfield code='2'>1</subfield>
      </datafield>
      <datafield ind1='0' ind2='0' tag='245'>
        <subfield code='a'>Romain Gary et la pluralité des mondes /</subfield>
        <subfield code='c'>sous la direction de Mireille Sacotte.</subfield>
      </datafield>
      <datafield ind1=' ' ind2=' ' tag='250'>
        <subfield code='a'>1. ed.</subfield>
      </datafield>
      <datafield ind1=' ' ind2=' ' tag='260'>
        <subfield code='a'>Paris :</subfield>
        <subfield code='b'>Presses Universitaires de France,</subfield>
        <subfield code='c'>2002.</subfield>
      </datafield>
      <datafield ind1=' ' ind2=' ' tag='300'>
        <subfield code='a'>185 p. ;</subfield>
        <subfield code='c'>20 cm.</subfield>
      </datafield>
      <datafield ind1=' ' ind2=' ' tag='500'>
        <subfield code='a'>&quot;Actes du premier colloque international consacré à Romain Gary, organisé en Sorbonne les 26 et 27 mai 2000&quot;--T.p. verso.</subfield>
      </datafield>
      <datafield ind1=' ' ind2=' ' tag='504'>
        <subfield code='a'>Includes bibliographical references.</subfield>
      </datafield>
      <datafield ind1='1' ind2='0' tag='600'>
        <subfield code='a'>Gary, Romain</subfield>
        <subfield code='x'>Criticism and interpretation.</subfield>
      </datafield>
      <datafield ind1=' ' ind2=' ' tag='653'>
        <subfield code='a'>Literature</subfield>
        <subfield code='a'>20th Century</subfield>
        <subfield code='a'>Criticism</subfield>
      </datafield>
      <datafield ind1='1' ind2=' ' tag='700'>
        <subfield code='a'>Sacotte, Mireille.</subfield>
      </datafield>
      <datafield ind1=' ' ind2=' ' tag='907'>
        <subfield code='a'>b4264380</subfield>
      </datafield>
      <datafield ind1='9' ind2='1' tag='999'>
        <subfield code='i'>i5834048</subfield>
        <subfield code='l'>ddda</subfield>
        <subfield code='s'>-</subfield>
        <subfield code='t'>0</subfield>
        <subfield code='c'>1</subfield>
        <subfield code='o'>0</subfield>
        <subfield code='b'>00022269796</subfield>
        <subfield code='p'>090</subfield>
        <subfield code='q'>|aPQ2613.A58 Z75 2002</subfield>
      </datafield>
  </record>