
  <record>
    <leader>00000cam  2200385 a 4500</leader>
      <controlfield tag='008'>021211s2003    wiuab  c      000 1 eng  </controlfield>
      <controlfield tag='001'>51323874</controlfield>
      <controlfield tag='005'>20040121094311.0</controlfield>
      <datafield ind1=' ' ind2=' ' tag='010'>
        <subfield code='a'>2002033004</subfield>
      </datafield>
      <datafield ind1=' ' ind2=' ' tag='020'>
        <subfield code='a'>1584857633</subfield>
      </datafield>
      <datafield ind1=' ' ind2=' ' tag='020'>
        <subfield code='a'>1584857625 (pbk.)</subfield>
      </datafield>
      <datafield ind1=' ' ind2=' ' tag='040'>
        <subfield code='a'>DLC</subfield>
        <subfield code='c'>DLC</subfield>
        <subfield code='d'>IG#</subfield>
        <subfield code='d'>NOC</subfield>
      </datafield>
      <datafield ind1=' ' ind2=' ' tag='042'>
        <subfield code='a'>lcac</subfield>
      </datafield>
      <datafield ind1='0' ind2='0' tag='050'>
        <subfield code='a'>PZ7.J6855</subfield>
        <subfield code='b'>Gh 2003</subfield>
      </datafield>
      <datafield ind1='0' ind2='0' tag='082'>
        <subfield code='a'>[Fic]</subfield>
        <subfield code='2'>21</subfield>
      </datafield>
      <datafield ind1='1' ind2=' ' tag='100'>
        <subfield code='a'>Jones, Elizabeth McDavid,</subfield>
        <subfield code='d'>1958-</subfield>
      </datafield>
      <datafield ind1='1' ind2='0' tag='245'>
        <subfield code='a'>Ghost light on Graveyard Shoal /</subfield>
        <subfield code='c'>by Elizabeth McDavid Jones.</subfield>
      </datafield>
      <datafield ind1=' ' ind2=' ' tag='260'>
        <subfield code='a'>Middleton, WI :</subfield>
        <subfield code='b'>Pleasant Co. Publications,</subfield>
        <subfield code='c'>c2003.</subfield>
      </datafield>
      <datafield ind1=' ' ind2=' ' tag='300'>
        <subfield code='a'>153, [10] p. :</subfield>
        <subfield code='b'>ill. (some col.), maps ;</subfield>
        <subfield code='c'>21 cm.</subfield>
      </datafield>
      <datafield ind1=' ' ind2=' ' tag='500'>
        <subfield code='a'>&quot;American girl.&quot;</subfield>
      </datafield>
      <datafield ind1=' ' ind2=' ' tag='520'>
        <subfield code='a'>In the late nineteenth century, twelve-year-old Rhoda investigates her suspicion that a wrecker may be luring ships to their destruction on the Virginia barrier island where her father is Keeper of a U.S. Lifesaving Station. Includes historical notes on the United States Life-Saving Service.</subfield>
      </datafield>
      <datafield ind1='1' ind2='0' tag='610'>
        <subfield code='a'>United States.</subfield>
        <subfield code='b'>Life-Saving Service</subfield>
        <subfield code='v'>Juvenile fiction.</subfield>
      </datafield>
      <datafield ind1=' ' ind2='0' tag='650'>
        <subfield code='a'>Rescue work</subfield>
        <subfield code='v'>Juvenile fiction.</subfield>
      </datafield>
      <datafield ind1=' ' ind2='0' tag='650'>
        <subfield code='a'>Lifesaving</subfield>
        <subfield code='v'>Juvenile fiction.</subfield>
      </datafield>
      <datafield ind1=' ' ind2='0' tag='650'>
        <subfield code='a'>Shipwrecks</subfield>
        <subfield code='v'>Juvenile fiction.</subfield>
      </datafield>
      <datafield ind1=' ' ind2='1' tag='650'>
        <subfield code='a'>Mystery and detective stories.</subfield>
      </datafield>
      <datafield ind1=' ' ind2='0' tag='651'>
        <subfield code='a'>Eastern Shore (Md. and Va.)</subfield>
        <subfield code='x'>History</subfield>
        <subfield code='y'>19th century</subfield>
        <subfield code='v'>Juvenile fiction.</subfield>
      </datafield>
      <datafield ind1=' ' ind2='0' tag='830'>
        <subfield code='a'>History mysteries ;</subfield>
        <subfield code='v'>21.</subfield>
      </datafield>
      <datafield ind1=' ' ind2=' ' tag='907'>
        <subfield code='a'>b4403125</subfield>
      </datafield>
      <datafield ind1='9' ind2='1' tag='999'>
        <subfield code='i'>i6001485</subfield>
        <subfield code='l'>wbda</subfield>
        <subfield code='s'>o</subfield>
        <subfield code='t'>0</subfield>
        <subfield code='c'>1</subfield>
        <subfield code='o'>0</subfield>
        <subfield code='b'>00045100567</subfield>
        <subfield code='p'>099</subfield>
        <subfield code='q'>|aCX J765g</subfield>
      </datafield>
      <datafield ind1='9' ind2='2' tag='999'>
        <subfield code='a'>c4468365</subfield>
        <subfield code='b'>wbda</subfield>
        <subfield code='c'>0</subfield>
      </datafield>
      <datafield ind1='9' ind2='3' tag='999'>
        <subfield code='0'>c4468365</subfield>
        <subfield code='2'>852</subfield>
        <subfield code='3'>c</subfield>
        <subfield code='b'>572121</subfield>
        <subfield code='h'>CX</subfield>
        <subfield code='i'>J765g</subfield>
      </datafield>
      <datafield ind1='9' ind2='3' tag='999'>
        <subfield code='0'>c4468365</subfield>
        <subfield code='2'>852</subfield>
        <subfield code='3'>e</subfield>
        <subfield code='p'>HBIR-4717-00001</subfield>
        <subfield code='t'>1</subfield>
      </datafield>
  </record>