
  <record>
    <leader>00000cam  2200325Ia 4500</leader>
      <controlfield tag='008'>831130s1938    sw ab    bm   000 0 ger d</controlfield>
      <controlfield tag='001'>10173642</controlfield>
      <controlfield tag='003'>OCoLC</controlfield>
      <controlfield tag='005'>20110628051219.0</controlfield>
      <datafield ind1=' ' ind2=' ' tag='035'>
        <subfield code='a'>(OCoLC)10173642</subfield>
      </datafield>
      <datafield ind1=' ' ind2=' ' tag='040'>
        <subfield code='a'>KSU</subfield>
        <subfield code='c'>KSU</subfield>
        <subfield code='d'>OCLCQ</subfield>
        <subfield code='d'>NOC</subfield>
      </datafield>
      <datafield ind1=' ' ind2=' ' tag='043'>
        <subfield code='a'>e-sw---</subfield>
      </datafield>
      <datafield ind1=' ' ind2=' ' tag='049'>
        <subfield code='a'>NODV</subfield>
      </datafield>
      <datafield ind1=' ' ind2='4' tag='050'>
        <subfield code='a'>DL971.G7</subfield>
        <subfield code='b'>M6x</subfield>
      </datafield>
      <datafield ind1='1' ind2=' ' tag='100'>
        <subfield code='a'>Moberg, Ivar.</subfield>
      </datafield>
      <datafield ind1='1' ind2='0' tag='245'>
        <subfield code='a'>Gotland um das Jahr 1700 :</subfield>
        <subfield code='b'>eine kulturgeographische Kartenanalyse /</subfield>
        <subfield code='c'>Ivar Moberg.</subfield>
      </datafield>
      <datafield ind1='1' ind2='8' tag='246'>
        <subfield code='a'>European theses</subfield>
      </datafield>
      <datafield ind1=' ' ind2=' ' tag='260'>
        <subfield code='a'>Stockholm :</subfield>
        <subfield code='b'>Esselta,</subfield>
        <subfield code='c'>1938.</subfield>
      </datafield>
      <datafield ind1=' ' ind2=' ' tag='300'>
        <subfield code='a'>112 p. :</subfield>
        <subfield code='b'>ill., map (folded in pocket) ;</subfield>
        <subfield code='c'>26 cm.</subfield>
      </datafield>
      <datafield ind1=' ' ind2=' ' tag='500'>
        <subfield code='a'>Locally bound with: Subjektsvertauschung und Objektsvertauschung im Deutschen : eine semasiologische Studie / Björn Carlberg.</subfield>
      </datafield>
      <datafield ind1=' ' ind2=' ' tag='500'>
        <subfield code='a'>Akademische Abhandlung zur Erlangung der Doktorwürde mit Genehmigung der Humanistischen Fakultät der Universität zu Stockholm am 28. Mai 1938.</subfield>
      </datafield>
      <datafield ind1=' ' ind2=' ' tag='500'>
        <subfield code='a'>&quot;Ungedruckte Quellen&quot;: p. 109.</subfield>
      </datafield>
      <datafield ind1=' ' ind2=' ' tag='504'>
        <subfield code='a'>Includes bibliographical references (p. 106-108).</subfield>
      </datafield>
      <datafield ind1=' ' ind2='0' tag='651'>
        <subfield code='a'>Gotland (Sweden)</subfield>
        <subfield code='x'>Historical geography.</subfield>
      </datafield>
      <datafield ind1=' ' ind2='0' tag='651'>
        <subfield code='a'>Gotland (Sweden)</subfield>
        <subfield code='x'>Economic conditions.</subfield>
      </datafield>
      <datafield ind1=' ' ind2=' ' tag='907'>
        <subfield code='a'>b6758206</subfield>
      </datafield>
      <datafield ind1='9' ind2='1' tag='999'>
        <subfield code='i'>i9061523</subfield>
        <subfield code='l'>trln</subfield>
        <subfield code='s'>-</subfield>
        <subfield code='t'>0</subfield>
        <subfield code='c'>1</subfield>
        <subfield code='o'>0</subfield>
        <subfield code='b'>00041126637</subfield>
        <subfield code='p'>092</subfield>
        <subfield code='q'>|a378.408|bEO 1933-54 v. 1</subfield>
      </datafield>
  </record>