
  <record>
    <leader>00000nam a22003137a 4500</leader>
      <controlfield tag='008'>941101s1994    vau     b    f000 0 eng d</controlfield>
      <controlfield tag='001'>31389223</controlfield>
      <controlfield tag='005'>19941101152156.0</controlfield>
      <datafield ind1=' ' ind2=' ' tag='035'>
        <subfield code='a'>(GPO)95055468</subfield>
      </datafield>
      <datafield ind1=' ' ind2=' ' tag='037'>
        <subfield code='a'>N 94-28823</subfield>
        <subfield code='b'>NASA</subfield>
      </datafield>
      <datafield ind1=' ' ind2=' ' tag='040'>
        <subfield code='a'>GPO</subfield>
        <subfield code='c'>GPO</subfield>
        <subfield code='d'>DLC</subfield>
      </datafield>
      <datafield ind1=' ' ind2=' ' tag='074'>
        <subfield code='a'>0830-D (MF)</subfield>
      </datafield>
      <datafield ind1='0' ind2=' ' tag='086'>
        <subfield code='a'>NAS 1.15:109026</subfield>
      </datafield>
      <datafield ind1='1' ind2=' ' tag='100'>
        <subfield code='a'>Mirdamadi, M.</subfield>
      </datafield>
      <datafield ind1='1' ind2='0' tag='245'>
        <subfield code='a'>Prediction of stress-strain response of SCS-6/timetal-21S subjected to a hypersonic flight profile</subfield>
        <subfield code='h'>[microform] /</subfield>
        <subfield code='c'>M. Mirdamadi, W. S. Johnson.</subfield>
      </datafield>
      <datafield ind1=' ' ind2=' ' tag='260'>
        <subfield code='a'>Hampton, Va. :</subfield>
        <subfield code='b'>National Aeronautics and Space Administration, Langley Research Center ;</subfield>
        <subfield code='a'>[Springfield, Va. :</subfield>
        <subfield code='b'>National Technical Information Service, distributor,</subfield>
        <subfield code='c'>1994]</subfield>
      </datafield>
      <datafield ind1=' ' ind2=' ' tag='300'>
        <subfield code='a'>1 v.</subfield>
      </datafield>
      <datafield ind1=' ' ind2=' ' tag='500'>
        <subfield code='a'>Distributed to depository libraries in microfiche.</subfield>
      </datafield>
      <datafield ind1=' ' ind2=' ' tag='500'>
        <subfield code='a'>Shipping list no.: 94-0576-M.</subfield>
      </datafield>
      <datafield ind1=' ' ind2=' ' tag='533'>
        <subfield code='a'>Microfiche.</subfield>
        <subfield code='b'>[Washington, D.C. :</subfield>
        <subfield code='c'>National Aeronautics and Space Administration,</subfield>
        <subfield code='d'>1994]</subfield>
        <subfield code='e'>1 microfiche.</subfield>
      </datafield>
      <datafield ind1=' ' ind2='0' tag='650'>
        <subfield code='a'>Viscoplasticity.</subfield>
      </datafield>
      <datafield ind1=' ' ind2='0' tag='650'>
        <subfield code='a'>Composite materials.</subfield>
      </datafield>
      <datafield ind1='1' ind2=' ' tag='700'>
        <subfield code='a'>Johnson, W. S.</subfield>
        <subfield code='q'>(W. Steven)</subfield>
      </datafield>
      <datafield ind1='2' ind2=' ' tag='710'>
        <subfield code='a'>Langley Research Center.</subfield>
      </datafield>
      <datafield ind1=' ' ind2='0' tag='830'>
        <subfield code='a'>NASA technical memorandum ;</subfield>
        <subfield code='v'>109026.</subfield>
      </datafield>
      <datafield ind1=' ' ind2=' ' tag='907'>
        <subfield code='a'>b3658552</subfield>
      </datafield>
      <datafield ind1='9' ind2='1' tag='999'>
        <subfield code='i'>i5101848</subfield>
        <subfield code='l'>dcpfb</subfield>
        <subfield code='s'>-</subfield>
        <subfield code='t'>20</subfield>
        <subfield code='c'>1</subfield>
        <subfield code='o'>0</subfield>
        <subfield code='b'>HBBH-7935-00001</subfield>
        <subfield code='p'>086</subfield>
        <subfield code='q'>|aNAS 1.15:109026</subfield>
      </datafield>
  </record>