
  <record>
    <leader>00000cam a2200553Ia 4500</leader>
      <controlfield tag='006'>m     o  d</controlfield>
      <controlfield tag='007'>cr cn||||||||a</controlfield>
      <controlfield tag='008'>111006s2011    gw a    ob    101 0 eng d</controlfield>
      <controlfield tag='001'>756039703wcm</controlfield>
      <controlfield tag='003'>OCoLC</controlfield>
      <controlfield tag='005'>20150409070214.3</controlfield>
      <datafield ind1=' ' ind2=' ' tag='019'>
        <subfield code='a'>769770350wcm</subfield>
        <subfield code='a'>846888219wcm</subfield>
      </datafield>
      <datafield ind1=' ' ind2=' ' tag='020'>
        <subfield code='a'>364223447X</subfield>
        <subfield code='q'>electronic bk.</subfield>
      </datafield>
      <datafield ind1=' ' ind2=' ' tag='020'>
        <subfield code='a'>9783642234477</subfield>
        <subfield code='q'>electronic bk.</subfield>
      </datafield>
      <datafield ind1=' ' ind2=' ' tag='020'>
        <subfield code='z'>3642234461</subfield>
        <subfield code='q'>soft cover : alk. paper</subfield>
      </datafield>
      <datafield ind1=' ' ind2=' ' tag='020'>
        <subfield code='z'>9783642234460</subfield>
        <subfield code='q'>soft cover : alk. paper</subfield>
      </datafield>
      <datafield ind1=' ' ind2=' ' tag='035'>
        <subfield code='a'>(OCoLC)756039703</subfield>
        <subfield code='z'>(OCoLC)769770350</subfield>
        <subfield code='z'>(OCoLC)846888219</subfield>
      </datafield>
      <datafield ind1=' ' ind2=' ' tag='040'>
        <subfield code='a'>GW5XE</subfield>
        <subfield code='b'>eng</subfield>
        <subfield code='c'>GW5XE</subfield>
        <subfield code='d'>C$Q</subfield>
        <subfield code='d'>OHI</subfield>
        <subfield code='d'>OCLCQ</subfield>
        <subfield code='d'>OCLCO</subfield>
        <subfield code='d'>OCLCA</subfield>
        <subfield code='d'>MEAUC</subfield>
        <subfield code='d'>BEDGE</subfield>
        <subfield code='d'>OCLCQ</subfield>
        <subfield code='d'>COO</subfield>
        <subfield code='d'>YDXCP</subfield>
      </datafield>
      <datafield ind1=' ' ind2='4' tag='050'>
        <subfield code='a'>T58.5</subfield>
        <subfield code='b'>.I28 2011</subfield>
      </datafield>
      <datafield ind1='0' ind2='4' tag='082'>
        <subfield code='a'>004</subfield>
        <subfield code='2'>23</subfield>
      </datafield>
      <datafield ind1='2' ind2=' ' tag='111'>
        <subfield code='a'>ICT-GLOW (Conference)</subfield>
        <subfield code='n'>(1st :</subfield>
        <subfield code='d'>2011 :</subfield>
        <subfield code='c'>Toulouse, France)</subfield>
      </datafield>
      <datafield ind1='1' ind2='0' tag='245'>
        <subfield code='a'>Information and communication on technology for the fight against global warming</subfield>
        <subfield code='h'>[electronic resource] :</subfield>
        <subfield code='b'>first International Conference, ICT-GLOW 2011, Toulouse, France, August 30-31, 2011, proceedings /</subfield>
        <subfield code='c'>Dieter Kranzlmüller, A Min Toja (eds.).</subfield>
      </datafield>
      <datafield ind1='3' ind2='0' tag='246'>
        <subfield code='a'>ICT-GLOW 2011</subfield>
      </datafield>
      <datafield ind1=' ' ind2=' ' tag='260'>
        <subfield code='a'>Berlin ;</subfield>
        <subfield code='a'>New York :</subfield>
        <subfield code='b'>Springer,</subfield>
        <subfield code='c'>c2011.</subfield>
      </datafield>
      <datafield ind1=' ' ind2=' ' tag='300'>
        <subfield code='a'>1 online resource (x, 187 p.) :</subfield>
        <subfield code='b'>ill.</subfield>
      </datafield>
      <datafield ind1=' ' ind2=' ' tag='500'>
        <subfield code='a'>International conference proceedings.</subfield>
      </datafield>
      <datafield ind1=' ' ind2=' ' tag='504'>
        <subfield code='a'>Includes bibliographical references and author index.</subfield>
      </datafield>
      <datafield ind1='1' ind2=' ' tag='506'>
        <subfield code='a'>Access limited to UNC Chapel Hill-authenticated users.</subfield>
        <subfield code='f'>Unlimited simultaneous users</subfield>
      </datafield>
      <datafield ind1=' ' ind2=' ' tag='520'>
        <subfield code='a'>This book constitutes the refereed proceedings of the First International Conference on Information and Communication Technology for the Fight against Global Warming, ICT-Glow 2011, held in Toulouse, France in August 2011. The 16 revised papers presented were carefully reviewed and selected from 24 submissions. They address the following topics: parallel computing, ICT for transportation, cloud and pervasive computing, measurement and control and storage.</subfield>
      </datafield>
      <datafield ind1='0' ind2=' ' tag='588'>
        <subfield code='a'>Print version record.</subfield>
      </datafield>
      <datafield ind1=' ' ind2='0' tag='650'>
        <subfield code='a'>Global warming</subfield>
        <subfield code='x'>Technological innovations</subfield>
        <subfield code='v'>Congresses.</subfield>
      </datafield>
      <datafield ind1=' ' ind2='0' tag='650'>
        <subfield code='a'>Information technology</subfield>
        <subfield code='x'>Environmental aspects</subfield>
        <subfield code='v'>Congresses.</subfield>
      </datafield>
      <datafield ind1='1' ind2=' ' tag='700'>
        <subfield code='a'>Kranzlmüller, Dieter,</subfield>
        <subfield code='d'>1969-</subfield>
      </datafield>
      <datafield ind1='1' ind2=' ' tag='700'>
        <subfield code='a'>Toja, A Min,</subfield>
        <subfield code='d'>1952-</subfield>
      </datafield>
      <datafield ind1='0' ind2=' ' tag='773'>
        <subfield code='t'>OCLC WorldShare Collection Manager managed collection. EbookMain</subfield>
      </datafield>
      <datafield ind1='0' ind2=' ' tag='773'>
        <subfield code='t'>Springer e-books (online collection). Computer science. 2011</subfield>
      </datafield>
      <datafield ind1='0' ind2='8' tag='776'>
        <subfield code='i'>Print version:</subfield>
        <subfield code='t'>Information and Communication on Technology for the Fight Against Global Warning.</subfield>
        <subfield code='d'>Springer-Verlag New York Inc 2011</subfield>
        <subfield code='z'>9783642234460</subfield>
        <subfield code='w'>(OCoLC)744297404</subfield>
      </datafield>
      <datafield ind1=' ' ind2='0' tag='830'>
        <subfield code='a'>Lecture notes in computer science ;</subfield>
        <subfield code='v'>6868.</subfield>
        <subfield code='x'>0302-9743</subfield>
      </datafield>
      <datafield ind1=' ' ind2='0' tag='830'>
        <subfield code='a'>LNCS sublibrary.</subfield>
        <subfield code='n'>SL 1,</subfield>
        <subfield code='p'>Theoretical computer science and general issues.</subfield>
      </datafield>
      <datafield ind1='4' ind2='0' tag='856'>
        <subfield code='u'>http://libproxy.lib.unc.edu/login?url=http://link.springer.com/10.1007/978-3-642-23447-7</subfield>
        <subfield code='y'>Full text available via the UNC-Chapel Hill Libraries</subfield>
      </datafield>
      <datafield ind1=' ' ind2='1' tag='907'>
        <subfield code='a'>b6997493</subfield>
      </datafield>
  </record>