
  <record>
    <leader>00000cam  2200193I  4500</leader>
      <controlfield tag='008'>780818s1890    po            000 0 por  </controlfield>
      <controlfield tag='001'>4152143</controlfield>
      <controlfield tag='005'>19790630000000.0</controlfield>
      <datafield ind1=' ' ind2=' ' tag='010'>
        <subfield code='a'>33038257</subfield>
      </datafield>
      <datafield ind1=' ' ind2=' ' tag='040'>
        <subfield code='a'>UIU</subfield>
        <subfield code='c'>UIU</subfield>
        <subfield code='d'>NOC</subfield>
      </datafield>
      <datafield ind1=' ' ind2=' ' tag='082'>
        <subfield code='a'>869.1</subfield>
      </datafield>
      <datafield ind1='1' ind2=' ' tag='100'>
        <subfield code='a'>Osorio, Luiz,</subfield>
        <subfield code='d'>1860-</subfield>
      </datafield>
      <datafield ind1='1' ind2='0' tag='245'>
        <subfield code='a'>Poemas portuguezes,</subfield>
        <subfield code='b'>contos e apotheoses, 1884-1889.</subfield>
      </datafield>
      <datafield ind1=' ' ind2=' ' tag='260'>
        <subfield code='a'>Lisboa,</subfield>
        <subfield code='b'>A. M. Pereira,</subfield>
        <subfield code='c'>1890.</subfield>
      </datafield>
      <datafield ind1=' ' ind2=' ' tag='300'>
        <subfield code='a'>xiv p., 1 l., 279 p.</subfield>
        <subfield code='c'>18 cm.</subfield>
      </datafield>
      <datafield ind1=' ' ind2=' ' tag='907'>
        <subfield code='a'>b1554463</subfield>
      </datafield>
      <datafield ind1='9' ind2='1' tag='999'>
        <subfield code='i'>i2195413</subfield>
        <subfield code='l'>trln</subfield>
        <subfield code='s'>-</subfield>
        <subfield code='t'>0</subfield>
        <subfield code='c'>1</subfield>
        <subfield code='o'>0</subfield>
        <subfield code='b'>00040038690</subfield>
        <subfield code='p'>090</subfield>
        <subfield code='q'>|aPQ9261.O77 P6</subfield>
      </datafield>
  </record>