
  <record>
    <leader>00000cam  2200301 a 4500</leader>
      <controlfield tag='008'>970424s1995    gw a     b    000 0 ger  </controlfield>
      <controlfield tag='001'>37142545</controlfield>
      <controlfield tag='005'>19980701150951.0</controlfield>
      <datafield ind1=' ' ind2=' ' tag='010'>
        <subfield code='a'>97143748</subfield>
      </datafield>
      <datafield ind1=' ' ind2=' ' tag='020'>
        <subfield code='a'>3891581491 :</subfield>
        <subfield code='c'>DM30.00</subfield>
      </datafield>
      <datafield ind1=' ' ind2=' ' tag='040'>
        <subfield code='a'>DLC</subfield>
        <subfield code='c'>DLC</subfield>
        <subfield code='d'>IUL</subfield>
        <subfield code='d'>NOC</subfield>
      </datafield>
      <datafield ind1='0' ind2=' ' tag='041'>
        <subfield code='a'>ger</subfield>
        <subfield code='b'>eng</subfield>
      </datafield>
      <datafield ind1=' ' ind2=' ' tag='043'>
        <subfield code='a'>e-gx---</subfield>
      </datafield>
      <datafield ind1='0' ind2='0' tag='050'>
        <subfield code='a'>DD258.5</subfield>
        <subfield code='b'>.P74 1995</subfield>
      </datafield>
      <datafield ind1='0' ind2='0' tag='082'>
        <subfield code='a'>305.8/00943</subfield>
        <subfield code='2'>21</subfield>
      </datafield>
      <datafield ind1='1' ind2=' ' tag='100'>
        <subfield code='a'>Predelli, Ulrich.</subfield>
      </datafield>
      <datafield ind1='1' ind2='0' tag='245'>
        <subfield code='a'>Wie fremd sind uns Fremde? :</subfield>
        <subfield code='b'>das Ausländerbild in der deutschen Tagespresse /</subfield>
        <subfield code='c'>Ulrich Predelli.</subfield>
      </datafield>
      <datafield ind1=' ' ind2=' ' tag='260'>
        <subfield code='a'>Berlin :</subfield>
        <subfield code='b'>Vistas,</subfield>
        <subfield code='c'>c1995.</subfield>
      </datafield>
      <datafield ind1=' ' ind2=' ' tag='300'>
        <subfield code='a'>147 p. :</subfield>
        <subfield code='b'>ill. ;</subfield>
        <subfield code='c'>21 cm.</subfield>
      </datafield>
      <datafield ind1=' ' ind2=' ' tag='504'>
        <subfield code='a'>Includes bibliographical references (p. 129-133).</subfield>
      </datafield>
      <datafield ind1=' ' ind2='0' tag='650'>
        <subfield code='a'>Aliens</subfield>
        <subfield code='z'>Germany</subfield>
        <subfield code='x'>Public opinion.</subfield>
      </datafield>
      <datafield ind1=' ' ind2='0' tag='650'>
        <subfield code='a'>Public opinion</subfield>
        <subfield code='z'>Germany.</subfield>
      </datafield>
      <datafield ind1=' ' ind2='0' tag='650'>
        <subfield code='a'>Press and politics</subfield>
        <subfield code='z'>Germany.</subfield>
      </datafield>
      <datafield ind1=' ' ind2='0' tag='830'>
        <subfield code='a'>Vistascript ;</subfield>
        <subfield code='v'>Bd. 10.</subfield>
      </datafield>
      <datafield ind1=' ' ind2=' ' tag='907'>
        <subfield code='a'>b3147576</subfield>
      </datafield>
      <datafield ind1='9' ind2='1' tag='999'>
        <subfield code='i'>i4466798</subfield>
        <subfield code='l'>ddda</subfield>
        <subfield code='s'>-</subfield>
        <subfield code='t'>0</subfield>
        <subfield code='c'>1</subfield>
        <subfield code='o'>0</subfield>
        <subfield code='b'>00015490924</subfield>
        <subfield code='p'>090</subfield>
        <subfield code='q'>|aDD258.5 .P74 1995</subfield>
      </datafield>
  </record>