
  <record>
    <leader>00000cas a22002053u 4500</leader>
      <controlfield tag='006'>m        d</controlfield>
      <controlfield tag='007'>cr  n</controlfield>
      <controlfield tag='008'>170407uuuuuuuuu||||| |ss||||||   ||||||d</controlfield>
      <controlfield tag='001'>ssib002614015</controlfield>
      <controlfield tag='003'>WaSeSS</controlfield>
      <controlfield tag='005'>20170407180148.0</controlfield>
      <datafield ind1=' ' ind2=' ' tag='035'>
        <subfield code='z'>(WaSeSS)ssib002614015</subfield>
      </datafield>
      <datafield ind1=' ' ind2=' ' tag='040'>
        <subfield code='a'>WaSeSS</subfield>
        <subfield code='c'>WaSeSS</subfield>
        <subfield code='d'>WaSeSS</subfield>
      </datafield>
      <datafield ind1='0' ind2=' ' tag='130'>
        <subfield code='a'>New Trends for Environmental Monitoring Using Passive Systems (Online)</subfield>
      </datafield>
      <datafield ind1='1' ind2='0' tag='245'>
        <subfield code='a'>New Trends for Environmental Monitoring Using Passive Systems</subfield>
        <subfield code='h'>[electronic resource].</subfield>
      </datafield>
      <datafield ind1=' ' ind2=' ' tag='260'>
        <subfield code='a'>[S.l.] :</subfield>
        <subfield code='b'>IEEE</subfield>
      </datafield>
      <datafield ind1=' ' ind2=' ' tag='500'>
        <subfield code='a'>Title from content provider.</subfield>
      </datafield>
      <datafield ind1=' ' ind2='0' tag='655'>
        <subfield code='a'>Electronic journals.</subfield>
      </datafield>
      <datafield ind1='4' ind2='0' tag='856'>
        <subfield code='y'>Full text available via the UNC-Chapel Hill Libraries</subfield>
        <subfield code='u'>http://VB3LK7EB4T.search.serialssolutions.com/?V=1.0&amp;L=VB3LK7EB4T&amp;S=JCs&amp;C=JC_002614015&amp;T=marc</subfield>
        <subfield code='x'>IEEE Xplore All Conference Proceedings</subfield>
      </datafield>
      <datafield ind1=' ' ind2='2' tag='907'>
        <subfield code='a'>b6415881</subfield>
      </datafield>
  </record>