
  <record>
    <leader>00000nam  22002892  4500</leader>
      <controlfield tag='008'>100805m19519999dcu          f000 0 eng d</controlfield>
      <controlfield tag='001'>hsl000713318</controlfield>
      <controlfield tag='003'>DGPO</controlfield>
      <controlfield tag='005'>20130116084322.0</controlfield>
      <datafield ind1=' ' ind2=' ' tag='040'>
        <subfield code='a'>GPO</subfield>
        <subfield code='c'>GPO</subfield>
      </datafield>
      <datafield ind1=' ' ind2=' ' tag='074'>
        <subfield code='a'>1009</subfield>
      </datafield>
      <datafield ind1='0' ind2=' ' tag='086'>
        <subfield code='a'>Y 4.F 73/2:C 42/2/</subfield>
      </datafield>
      <datafield ind1='1' ind2=' ' tag='110'>
        <subfield code='a'>United States.</subfield>
        <subfield code='b'>Congress.</subfield>
        <subfield code='b'>House.</subfield>
        <subfield code='b'>Select Committee to Investigate the Use of Chemicals in Food Products.</subfield>
      </datafield>
      <datafield ind1='1' ind2='0' tag='245'>
        <subfield code='a'>Chemicals in foods and cosmetics :</subfield>
        <subfield code='b'>hearings.</subfield>
      </datafield>
      <datafield ind1=' ' ind2=' ' tag='260'>
        <subfield code='a'>[Washington, D.C.],</subfield>
        <subfield code='c'>1951-.</subfield>
      </datafield>
      <datafield ind1=' ' ind2=' ' tag='300'>
        <subfield code='a'>v. :</subfield>
        <subfield code='b'>ill., 3 p. of pl.</subfield>
      </datafield>
      <datafield ind1=' ' ind2=' ' tag='500'>
        <subfield code='a'>Distribution made by issuing office (pts. 1-2).</subfield>
      </datafield>
      <datafield ind1=' ' ind2=' ' tag='500'>
        <subfield code='a'>Document for sale by the Superintendent of Documents, paper, $1.75 (pt. 3).</subfield>
      </datafield>
      <datafield ind1=' ' ind2=' ' tag='500'>
        <subfield code='a'>Document for sale by the Superintendent of Documents, paper, 20c. (pt. 4).</subfield>
      </datafield>
      <datafield ind1=' ' ind2=' ' tag='500'>
        <subfield code='a'>These hearings were held in Washington, D.C., Spokane and Seattle, Wash., San Francisco and Los Angeles, Calif. For pt. 1 see Monthly catalog for Oct. 1951, entry 16423.] (pt. 2).</subfield>
      </datafield>
      <datafield ind1=' ' ind2=' ' tag='500'>
        <subfield code='a'>These hearings were held in Nnew York City and Washington, D.C.] (pt. 3).</subfield>
      </datafield>
      <datafield ind1=' ' ind2=' ' tag='500'>
        <subfield code='a'>CRDP Project Historic Shelflist record.</subfield>
      </datafield>
      <datafield ind1=' ' ind2=' ' tag='505'>
        <subfield code='a'>Pt. 1. 82d Congress, 1st session, Apr. 12-June 19, 1951 -- pt. 2. 82d Congress, 1st session, pursuant to H. Res. 74 and H. Res. 447 (continuing investigation and study begun under H. Res. 323, 81st Cong. 2d sess.), Oct. 9-Nov. 24, 1951 -- pt. 3. 82d Congress, 2d session, pursuant to H. Res. 74 and H. Res. 447, Jan. 10-Mar. 6, 1952 -- pt. 4. 81st Congress and 82d Congress, pursuant to H. Res. 323, 81st Congress, and H. Res. 74 and H. Res. 447, 82d Congress, cumulative list of witnesses and index.</subfield>
      </datafield>
      <datafield ind1=' ' ind2='0' tag='650'>
        <subfield code='a'>Food adulteration and inspection</subfield>
        <subfield code='z'>United States.</subfield>
      </datafield>
      <datafield ind1=' ' ind2=' ' tag='907'>
        <subfield code='a'>b7320634</subfield>
      </datafield>
      <datafield ind1='9' ind2='1' tag='999'>
        <subfield code='i'>i9888583</subfield>
        <subfield code='l'>dcpf</subfield>
        <subfield code='s'>-</subfield>
        <subfield code='t'>20</subfield>
        <subfield code='c'>1</subfield>
        <subfield code='o'>0</subfield>
        <subfield code='p'>086</subfield>
        <subfield code='q'>|aY 4.F 73/2:C 42/2/</subfield>
        <subfield code='n'>Need Help? Ask at Davis RefDesk</subfield>
      </datafield>
  </record>