
  <record>
    <leader>00000cam a22004094a 4500</leader>
      <controlfield tag='008'>031001s2002    ag a     b    000 0 spa  </controlfield>
      <controlfield tag='001'>52534263</controlfield>
      <controlfield tag='005'>20040406131543.0</controlfield>
      <datafield ind1=' ' ind2=' ' tag='010'>
        <subfield code='a'>2003507480</subfield>
      </datafield>
      <datafield ind1=' ' ind2=' ' tag='020'>
        <subfield code='a'>9872029105</subfield>
      </datafield>
      <datafield ind1=' ' ind2=' ' tag='040'>
        <subfield code='a'>DLC</subfield>
        <subfield code='c'>DLC</subfield>
        <subfield code='d'>UBP</subfield>
        <subfield code='d'>PIT</subfield>
        <subfield code='d'>NOC</subfield>
      </datafield>
      <datafield ind1=' ' ind2=' ' tag='042'>
        <subfield code='a'>pcc</subfield>
      </datafield>
      <datafield ind1=' ' ind2=' ' tag='043'>
        <subfield code='a'>s-ag---</subfield>
      </datafield>
      <datafield ind1='0' ind2='0' tag='050'>
        <subfield code='a'>JA84.A7</subfield>
        <subfield code='b'>C54 2002</subfield>
      </datafield>
      <datafield ind1='0' ind2='0' tag='082'>
        <subfield code='a'>320/.0982</subfield>
        <subfield code='2'>22</subfield>
      </datafield>
      <datafield ind1='0' ind2='3' tag='245'>
        <subfield code='a'>La ciencia política en la Argentina :</subfield>
        <subfield code='b'>dos siglos de historia /</subfield>
        <subfield code='c'>Arturo Fernández, compilador ; [contribuidoras] Cecilia Lesgart, Victoria Kandel ; y la colaboración de María José Ramos.</subfield>
      </datafield>
      <datafield ind1=' ' ind2=' ' tag='250'>
        <subfield code='a'>1. ed.</subfield>
      </datafield>
      <datafield ind1=' ' ind2=' ' tag='260'>
        <subfield code='a'>Buenos Aires :</subfield>
        <subfield code='b'>Ediciones Biebel,</subfield>
        <subfield code='c'>c2002.</subfield>
      </datafield>
      <datafield ind1=' ' ind2=' ' tag='300'>
        <subfield code='a'>191 p. :</subfield>
        <subfield code='b'>ill. ;</subfield>
        <subfield code='c'>23 cm.</subfield>
      </datafield>
      <datafield ind1=' ' ind2=' ' tag='504'>
        <subfield code='a'>Includes bibliographical references.</subfield>
      </datafield>
      <datafield ind1='0' ind2=' ' tag='505'>
        <subfield code='a'>El desarrollo de la ciencia política en la Argentina / por Arturo Fernández -- Ciencia política y producción de la idea de la transición a la democracia / por Cecilia Lesgart -- El estudio académico de la ciencia política / por Victoria Kandel -- La temprana creación del estudio universitario de la política en Rosario / por Cecilia Lesgart y María José Ramos.</subfield>
      </datafield>
      <datafield ind1='2' ind2='0' tag='610'>
        <subfield code='a'>Universidad de Buenos Aires.</subfield>
        <subfield code='b'>Carrera de Ciencia Política</subfield>
        <subfield code='x'>History.</subfield>
      </datafield>
      <datafield ind1=' ' ind2='0' tag='650'>
        <subfield code='a'>Political science</subfield>
        <subfield code='z'>Argentina</subfield>
        <subfield code='x'>History.</subfield>
      </datafield>
      <datafield ind1=' ' ind2='0' tag='650'>
        <subfield code='a'>Democratization</subfield>
        <subfield code='z'>Argentina</subfield>
        <subfield code='x'>History</subfield>
        <subfield code='y'>20th century.</subfield>
      </datafield>
      <datafield ind1=' ' ind2='0' tag='650'>
        <subfield code='a'>Political science</subfield>
        <subfield code='x'>Study and teaching (Higher)</subfield>
        <subfield code='z'>Argentina</subfield>
        <subfield code='x'>History</subfield>
        <subfield code='y'>20th century.</subfield>
      </datafield>
      <datafield ind1=' ' ind2='4' tag='650'>
        <subfield code='a'>Ciencia política</subfield>
        <subfield code='z'>Argentina</subfield>
        <subfield code='x'>Historia.</subfield>
      </datafield>
      <datafield ind1='1' ind2=' ' tag='700'>
        <subfield code='a'>Fernández, Arturo.</subfield>
      </datafield>
      <datafield ind1='1' ind2=' ' tag='700'>
        <subfield code='a'>Lesgart, Cecilia.</subfield>
      </datafield>
      <datafield ind1='1' ind2=' ' tag='700'>
        <subfield code='a'>Kandel, Victoria.</subfield>
      </datafield>
      <datafield ind1=' ' ind2='0' tag='830'>
        <subfield code='a'>Colección Ciencias sociales (Ediciones Biebel)</subfield>
      </datafield>
      <datafield ind1=' ' ind2=' ' tag='907'>
        <subfield code='a'>b4429635</subfield>
      </datafield>
      <datafield ind1='9' ind2='1' tag='999'>
        <subfield code='i'>i6033576</subfield>
        <subfield code='l'>ddda</subfield>
        <subfield code='s'>-</subfield>
        <subfield code='t'>0</subfield>
        <subfield code='c'>1</subfield>
        <subfield code='o'>0</subfield>
        <subfield code='b'>00023672713</subfield>
        <subfield code='p'>090</subfield>
        <subfield code='q'>|aJA84.A7 C54 2002</subfield>
      </datafield>
  </record>