
  <record>
    <leader>00000cam a2200277 a 4500</leader>
      <controlfield tag='008'>840817s1983    ru a          000 0 ruso </controlfield>
      <controlfield tag='001'>11017499</controlfield>
      <controlfield tag='005'>19850404000000.0</controlfield>
      <datafield ind1=' ' ind2=' ' tag='010'>
        <subfield code='a'>84145476</subfield>
      </datafield>
      <datafield ind1=' ' ind2=' ' tag='040'>
        <subfield code='a'>DLC</subfield>
        <subfield code='c'>DLC</subfield>
        <subfield code='d'>NOC</subfield>
      </datafield>
      <datafield ind1=' ' ind2=' ' tag='043'>
        <subfield code='a'>e-ur-ru</subfield>
      </datafield>
      <datafield ind1='1' ind2=' ' tag='100'>
        <subfield code='a'>Ganshin, Viktor Ivanovich.</subfield>
      </datafield>
      <datafield ind1='1' ind2='0' tag='245'>
        <subfield code='a'>Odna sekunda voĭny /</subfield>
        <subfield code='c'>V. Ganshin, O. Serdobolʹskiĭ.</subfield>
      </datafield>
      <datafield ind1=' ' ind2=' ' tag='260'>
        <subfield code='a'>Leningrad :</subfield>
        <subfield code='b'>Lenizdat,</subfield>
        <subfield code='c'>1983.</subfield>
      </datafield>
      <datafield ind1=' ' ind2=' ' tag='300'>
        <subfield code='a'>237 p. :</subfield>
        <subfield code='b'>ill. ;</subfield>
        <subfield code='c'>26 cm.</subfield>
      </datafield>
      <datafield ind1=' ' ind2=' ' tag='500'>
        <subfield code='a'>On p. preceding t.p.: &quot;Fotoletopis︠t︡sam Velikoĭ Otechestvennoĭ posv︠i︡ashchae︠t︡s︠i︡a.&quot;</subfield>
      </datafield>
      <datafield ind1=' ' ind2='0' tag='650'>
        <subfield code='a'>World War, 1939-1945</subfield>
        <subfield code='x'>Photography.</subfield>
      </datafield>
      <datafield ind1=' ' ind2='0' tag='650'>
        <subfield code='a'>World War, 1939-1945</subfield>
        <subfield code='x'>Campaigns</subfield>
        <subfield code='z'>Eastern Front</subfield>
        <subfield code='v'>Pictorial works.</subfield>
      </datafield>
      <datafield ind1=' ' ind2='0' tag='651'>
        <subfield code='a'>Saint Petersburg (Russia)</subfield>
        <subfield code='x'>History</subfield>
        <subfield code='y'>Siege, 1941-1944</subfield>
        <subfield code='v'>Pictorial works.</subfield>
      </datafield>
      <datafield ind1='1' ind2=' ' tag='700'>
        <subfield code='a'>Serdobolʹskiĭ, O.</subfield>
        <subfield code='q'>(Oleg)</subfield>
      </datafield>
      <datafield ind1=' ' ind2=' ' tag='907'>
        <subfield code='a'>b1975579</subfield>
      </datafield>
      <datafield ind1='9' ind2='1' tag='999'>
        <subfield code='i'>i2858543</subfield>
        <subfield code='l'>ddda</subfield>
        <subfield code='s'>-</subfield>
        <subfield code='t'>0</subfield>
        <subfield code='c'>1</subfield>
        <subfield code='o'>1</subfield>
        <subfield code='b'>00002672094</subfield>
        <subfield code='p'>090</subfield>
        <subfield code='q'>|aD810.P4 G36 1983</subfield>
      </datafield>
  </record>