
  <record>
    <leader>00000cam  2200157Ii 4500</leader>
      <controlfield tag='008'>770825r19161973lh            000 0 ger d</controlfield>
      <controlfield tag='001'>3219733</controlfield>
      <controlfield tag='005'>19790630000000.0</controlfield>
      <datafield ind1=' ' ind2=' ' tag='040'>
        <subfield code='a'>NOC</subfield>
        <subfield code='c'>NOC</subfield>
      </datafield>
      <datafield ind1='0' ind2='0' tag='245'>
        <subfield code='a'>Jüngste tschechische Lyrik :</subfield>
        <subfield code='b'>eine Anthologie.</subfield>
      </datafield>
      <datafield ind1=' ' ind2=' ' tag='260'>
        <subfield code='a'>Nendeln :</subfield>
        <subfield code='b'>Kraus Reprint,</subfield>
        <subfield code='c'>1973.</subfield>
      </datafield>
      <datafield ind1=' ' ind2=' ' tag='300'>
        <subfield code='a'>120 p. ;</subfield>
        <subfield code='c'>22 cm.</subfield>
      </datafield>
      <datafield ind1=' ' ind2=' ' tag='500'>
        <subfield code='a'>Reprint of the 1916 ed. published by Die Aktion, Berlin-Wilmersdorf, which was issued in the series Die Aktions-Lyrik.</subfield>
      </datafield>
      <datafield ind1=' ' ind2='0' tag='650'>
        <subfield code='a'>Czech poetry</subfield>
        <subfield code='y'>20th century</subfield>
        <subfield code='v'>Translations into German.</subfield>
      </datafield>
      <datafield ind1=' ' ind2='0' tag='650'>
        <subfield code='a'>German poetry</subfield>
        <subfield code='y'>20th century.</subfield>
      </datafield>
      <datafield ind1=' ' ind2=' ' tag='907'>
        <subfield code='a'>b1476678</subfield>
      </datafield>
      <datafield ind1='9' ind2='1' tag='999'>
        <subfield code='i'>i2071206</subfield>
        <subfield code='l'>ddda</subfield>
        <subfield code='s'>m</subfield>
        <subfield code='t'>0</subfield>
        <subfield code='c'>1</subfield>
        <subfield code='o'>0</subfield>
        <subfield code='b'>HAHW-4213-00001</subfield>
        <subfield code='p'>090</subfield>
        <subfield code='q'>|aPT1174 .A3 1973, Nr. 2</subfield>
      </datafield>
  </record>