
  <record>
    <leader>00000cam  2200169Ia 4500</leader>
      <controlfield tag='008'>910909s1913    enkcf    b    001 0beng d</controlfield>
      <controlfield tag='001'>7158494</controlfield>
      <controlfield tag='005'>19910909000000.0</controlfield>
      <datafield ind1=' ' ind2=' ' tag='019'>
        <subfield code='a'>13265927</subfield>
      </datafield>
      <datafield ind1=' ' ind2=' ' tag='040'>
        <subfield code='a'>XMM</subfield>
        <subfield code='c'>XMM</subfield>
      </datafield>
      <datafield ind1='1' ind2=' ' tag='100'>
        <subfield code='a'>Lind-af-Hageby, L.</subfield>
        <subfield code='q'>(Lizzy),</subfield>
        <subfield code='d'>1878-1963.</subfield>
      </datafield>
      <datafield ind1='1' ind2='0' tag='245'>
        <subfield code='a'>August Strindberg, the spirit of revolt :</subfield>
        <subfield code='b'>studies and impressions /</subfield>
        <subfield code='c'>by L. Lind-af-Hageby. With 28 ill. in half tone.</subfield>
      </datafield>
      <datafield ind1=' ' ind2=' ' tag='260'>
        <subfield code='a'>London :</subfield>
        <subfield code='b'>Stanley Paul,</subfield>
        <subfield code='c'>1913.</subfield>
      </datafield>
      <datafield ind1=' ' ind2=' ' tag='300'>
        <subfield code='a'>370 p. :</subfield>
        <subfield code='b'>plates, ports. ;</subfield>
        <subfield code='c'>20 cm.</subfield>
      </datafield>
      <datafield ind1=' ' ind2=' ' tag='504'>
        <subfield code='a'>&quot;List of Strindberg&apos;s chief writings&quot;: p. 356-362.</subfield>
      </datafield>
      <datafield ind1='1' ind2='0' tag='600'>
        <subfield code='a'>Strindberg, August,</subfield>
        <subfield code='d'>1849-1912.</subfield>
      </datafield>
      <datafield ind1=' ' ind2=' ' tag='907'>
        <subfield code='a'>b1743362</subfield>
      </datafield>
      <datafield ind1='9' ind2='1' tag='999'>
        <subfield code='i'>i2507019</subfield>
        <subfield code='l'>ddda</subfield>
        <subfield code='s'>-</subfield>
        <subfield code='t'>0</subfield>
        <subfield code='c'>1</subfield>
        <subfield code='o'>9</subfield>
        <subfield code='b'>10002292975</subfield>
        <subfield code='p'>090</subfield>
        <subfield code='q'>|aPT9815 .L52 1913</subfield>
      </datafield>
  </record>