
  <record>
    <leader>00000cam  2200205Ia 4500</leader>
      <controlfield tag='008'>960213s1995    fr       b    001 0 fre d</controlfield>
      <controlfield tag='001'>34180892</controlfield>
      <controlfield tag='005'>19960805095555.0</controlfield>
      <datafield ind1=' ' ind2=' ' tag='020'>
        <subfield code='a'>2213594902</subfield>
      </datafield>
      <datafield ind1=' ' ind2=' ' tag='040'>
        <subfield code='a'>EMU</subfield>
        <subfield code='c'>EMU</subfield>
        <subfield code='d'>NOC</subfield>
      </datafield>
      <datafield ind1='1' ind2=' ' tag='100'>
        <subfield code='a'>Smedley-Weill, Anette.</subfield>
      </datafield>
      <datafield ind1='1' ind2='4' tag='245'>
        <subfield code='a'>Les intendants de Louis XIV /</subfield>
        <subfield code='c'>Anette Smedley-Weill.</subfield>
      </datafield>
      <datafield ind1=' ' ind2=' ' tag='260'>
        <subfield code='a'>[Paris] :</subfield>
        <subfield code='b'>Fayard,</subfield>
        <subfield code='c'>[1995]</subfield>
      </datafield>
      <datafield ind1=' ' ind2=' ' tag='300'>
        <subfield code='a'>369 p. ;</subfield>
        <subfield code='c'>24 cm.</subfield>
      </datafield>
      <datafield ind1=' ' ind2=' ' tag='504'>
        <subfield code='a'>Includes bibliographical references (p. 343-[351]) and index.</subfield>
      </datafield>
      <datafield ind1=' ' ind2='0' tag='650'>
        <subfield code='a'>Intendants</subfield>
        <subfield code='z'>France</subfield>
        <subfield code='x'>History.</subfield>
      </datafield>
      <datafield ind1=' ' ind2='0' tag='650'>
        <subfield code='a'>Local government</subfield>
        <subfield code='z'>France</subfield>
        <subfield code='x'>History.</subfield>
      </datafield>
      <datafield ind1=' ' ind2='0' tag='651'>
        <subfield code='a'>France</subfield>
        <subfield code='x'>Politics and government</subfield>
        <subfield code='y'>1643-1715.</subfield>
      </datafield>
      <datafield ind1=' ' ind2=' ' tag='907'>
        <subfield code='a'>b2908033</subfield>
      </datafield>
      <datafield ind1='9' ind2='1' tag='999'>
        <subfield code='i'>i4146434</subfield>
        <subfield code='l'>trln</subfield>
        <subfield code='s'>-</subfield>
        <subfield code='t'>0</subfield>
        <subfield code='c'>1</subfield>
        <subfield code='o'>0</subfield>
        <subfield code='b'>00012538658</subfield>
        <subfield code='p'>090</subfield>
        <subfield code='q'>|aJS4843.I6 S63 1995</subfield>
      </datafield>
  </record>