
  <record>
    <leader>00000cam  2200241I  4500</leader>
      <controlfield tag='008'>801118s1891    it            000 0 ita d</controlfield>
      <controlfield tag='001'>6953353</controlfield>
      <controlfield tag='005'>19990408155130.0</controlfield>
      <datafield ind1=' ' ind2=' ' tag='010'>
        <subfield code='a'>03023695</subfield>
      </datafield>
      <datafield ind1=' ' ind2=' ' tag='040'>
        <subfield code='a'>AFU</subfield>
        <subfield code='c'>AFU</subfield>
        <subfield code='d'>OCL</subfield>
        <subfield code='d'>NOC</subfield>
      </datafield>
      <datafield ind1='1' ind2=' ' tag='100'>
        <subfield code='a'>Del Lungo, Isidoro,</subfield>
        <subfield code='d'>1841-1927.</subfield>
      </datafield>
      <datafield ind1='1' ind2='0' tag='245'>
        <subfield code='a'>Beatrice nella vita e nella poesia del secolo XIII;</subfield>
        <subfield code='c'>studio di Isidoro de Lungo, con appendice di documenti ed altre illustrazioni.</subfield>
      </datafield>
      <datafield ind1=' ' ind2=' ' tag='260'>
        <subfield code='a'>Milano,</subfield>
        <subfield code='b'>U. Hoepli,</subfield>
        <subfield code='c'>1891.</subfield>
      </datafield>
      <datafield ind1=' ' ind2=' ' tag='300'>
        <subfield code='a'>4 p. l., [3]-174 p.</subfield>
        <subfield code='c'>19 cm.</subfield>
      </datafield>
      <datafield ind1=' ' ind2=' ' tag='500'>
        <subfield code='a'>Reprinted, with the addition of documents, from the Nuova antologia, June 19, 1890.</subfield>
      </datafield>
      <datafield ind1='1' ind2='0' tag='600'>
        <subfield code='a'>Portinari, Beatrice,</subfield>
        <subfield code='d'>1266-1290.</subfield>
      </datafield>
      <datafield ind1='0' ind2='0' tag='600'>
        <subfield code='a'>Dante Alighieri,</subfield>
        <subfield code='d'>1265-1321</subfield>
        <subfield code='x'>Characters</subfield>
        <subfield code='x'>Beatrice.</subfield>
      </datafield>
      <datafield ind1='0' ind2=' ' tag='700'>
        <subfield code='a'>Cino,</subfield>
        <subfield code='c'>da Pistoia,</subfield>
        <subfield code='d'>1270?-1336 or 1337.</subfield>
      </datafield>
      <datafield ind1=' ' ind2=' ' tag='907'>
        <subfield code='a'>b3216794</subfield>
      </datafield>
      <datafield ind1='9' ind2='1' tag='999'>
        <subfield code='i'>i4570691</subfield>
        <subfield code='l'>trln</subfield>
        <subfield code='s'>-</subfield>
        <subfield code='t'>0</subfield>
        <subfield code='c'>1</subfield>
        <subfield code='o'>0</subfield>
        <subfield code='b'>00016345064</subfield>
        <subfield code='p'>090</subfield>
        <subfield code='q'>|aPQ4410.B3 L8 1891</subfield>
      </datafield>
  </record>