
  <record>
    <leader>00000cgm a2201117Ia 4500</leader>
      <controlfield tag='007'>vd mvaizu</controlfield>
      <controlfield tag='008'>050421s2004    nyu118            vleng d</controlfield>
      <controlfield tag='001'>59228384</controlfield>
      <controlfield tag='003'>OCoLC</controlfield>
      <controlfield tag='005'>20151027110428.0</controlfield>
      <datafield ind1=' ' ind2=' ' tag='020'>
        <subfield code='z'>0738924597</subfield>
      </datafield>
      <datafield ind1='1' ind2=' ' tag='024'>
        <subfield code='a'>826663406290</subfield>
      </datafield>
      <datafield ind1='4' ind2='2' tag='028'>
        <subfield code='a'>D2D 34062</subfield>
        <subfield code='b'>Shout! Factory</subfield>
      </datafield>
      <datafield ind1=' ' ind2=' ' tag='035'>
        <subfield code='a'>(OCoLC)59228384</subfield>
      </datafield>
      <datafield ind1=' ' ind2=' ' tag='040'>
        <subfield code='a'>RNJ</subfield>
        <subfield code='b'>eng</subfield>
        <subfield code='c'>RNJ</subfield>
        <subfield code='d'>VGM</subfield>
        <subfield code='d'>OCLCG</subfield>
        <subfield code='d'>VP@</subfield>
        <subfield code='d'>ELW</subfield>
        <subfield code='d'>OCLCQ</subfield>
        <subfield code='d'>OCLCA</subfield>
        <subfield code='d'>TXI</subfield>
        <subfield code='d'>OCLCQ</subfield>
        <subfield code='d'>ZCU</subfield>
        <subfield code='d'>OCLCO</subfield>
        <subfield code='d'>OCLCA</subfield>
        <subfield code='d'>OCLCF</subfield>
        <subfield code='d'>OCLCA</subfield>
        <subfield code='d'>OCLCO</subfield>
        <subfield code='d'>OCLCA</subfield>
        <subfield code='d'>NOC</subfield>
      </datafield>
      <datafield ind1=' ' ind2=' ' tag='043'>
        <subfield code='a'>n-us---</subfield>
      </datafield>
      <datafield ind1=' ' ind2=' ' tag='046'>
        <subfield code='k'>2003</subfield>
      </datafield>
      <datafield ind1=' ' ind2='4' tag='050'>
        <subfield code='a'>PN1998.2</subfield>
        <subfield code='b'>.E38 2004</subfield>
      </datafield>
      <datafield ind1='0' ind2='4' tag='082'>
        <subfield code='a'>791.4302/33/092</subfield>
        <subfield code='2'>22</subfield>
      </datafield>
      <datafield ind1='0' ind2='0' tag='245'>
        <subfield code='a'>Easy riders, raging bulls</subfield>
        <subfield code='h'>[videorecording] :</subfield>
        <subfield code='b'>how the sex-drugs-and-rock &apos;n&apos; roll generation saved Hollywood /</subfield>
        <subfield code='c'>a BBC, the Fremantle Corporation co-production in association with Submarine Entertainment and Cactus 3 ; Trio ; a film by Kenneth Bowser.</subfield>
      </datafield>
      <datafield ind1=' ' ind2=' ' tag='257'>
        <subfield code='a'>United States</subfield>
        <subfield code='2'>naf</subfield>
      </datafield>
      <datafield ind1=' ' ind2=' ' tag='260'>
        <subfield code='a'>Los Angeles, C.A. :</subfield>
        <subfield code='b'>Fremantle Corp. :</subfield>
        <subfield code='b'>BBC :</subfield>
        <subfield code='b'>Shout! :</subfield>
        <subfield code='b'>Trio,</subfield>
        <subfield code='c'>c2003.</subfield>
      </datafield>
      <datafield ind1=' ' ind2=' ' tag='300'>
        <subfield code='a'>2 videodiscs (118 min.) :</subfield>
        <subfield code='b'>sd., col. with b&amp;w sequences ;</subfield>
        <subfield code='c'>4 3/4 in.</subfield>
      </datafield>
      <datafield ind1=' ' ind2=' ' tag='306'>
        <subfield code='a'>015800</subfield>
      </datafield>
      <datafield ind1=' ' ind2=' ' tag='336'>
        <subfield code='a'>two-dimensional moving image</subfield>
        <subfield code='b'>tdi</subfield>
        <subfield code='2'>rdacontent</subfield>
      </datafield>
      <datafield ind1=' ' ind2=' ' tag='337'>
        <subfield code='a'>video</subfield>
        <subfield code='b'>v</subfield>
        <subfield code='2'>rdamedia</subfield>
      </datafield>
      <datafield ind1=' ' ind2=' ' tag='338'>
        <subfield code='a'>videodisc</subfield>
        <subfield code='b'>vd</subfield>
        <subfield code='2'>rdacarrier</subfield>
      </datafield>
      <datafield ind1=' ' ind2=' ' tag='344'>
        <subfield code='a'>digital</subfield>
        <subfield code='b'>optical</subfield>
        <subfield code='h'>Dolby Digital</subfield>
        <subfield code='2'>rda</subfield>
      </datafield>
      <datafield ind1=' ' ind2=' ' tag='346'>
        <subfield code='a'>laser optical</subfield>
        <subfield code='b'>NTSC</subfield>
        <subfield code='2'>rda</subfield>
      </datafield>
      <datafield ind1=' ' ind2=' ' tag='347'>
        <subfield code='a'>video file</subfield>
        <subfield code='b'>DVD video</subfield>
        <subfield code='e'>region 1</subfield>
        <subfield code='2'>rda</subfield>
      </datafield>
      <datafield ind1=' ' ind2=' ' tag='500'>
        <subfield code='a'>Based on the book Easy riders, raging bulls by Peter Biskind.</subfield>
      </datafield>
      <datafield ind1=' ' ind2=' ' tag='500'>
        <subfield code='a'>Special Collection material:  Use of audio or visual material may require production of listening or viewing copies before use.  Contact wilsonlibrary@unc.edu before visiting reading room for more information.</subfield>
      </datafield>
      <datafield ind1='0' ind2=' ' tag='505'>
        <subfield code='a'>disc 1. Opening : 1966 Hollywood -- Before the revolution -- King of the B&apos;s -- Storming the gates -- Freedom, man that&apos;s what it&apos;s all about -- The man who would be king -- Easy rider takes a spill -- The next wave -- The lunatics -- The revenge of the nerds.</subfield>
      </datafield>
      <datafield ind1='0' ind2=' ' tag='505'>
        <subfield code='a'>disc 2. The times -- Sex and drugs -- United Artists--Midnight cowboy -- The film critics -- Robert Altman : a directory&apos;s style -- Hal Ashby : the homeless spirit -- Peter Bogdanovich : the man who loved the movies -- Francis Ford Coppola : director&apos;s journey -- Dennis Hopper : actor as director -- George Lucas : a galaxy far, far way -- Sam Peckinpah : sensitive excess -- Martin Scorcese : talent finding the edge -- Steven Spielberg : innocent savant -- The participants strike back -- The author, Peter Biskind. Starting the book ; Telling the stories ; Getting access ; The aftermath.</subfield>
      </datafield>
      <datafield ind1=' ' ind2=' ' tag='508'>
        <subfield code='a'>Written and directed by Kenneth Bowser ; produced by Rachel Talbot, Kenneth Bowser ; executive producer, Josh Braun ; director of photography, Paul Mailman ; editor, Pascal Akesson ; executive producer for BBC, Nick Ware ; executive producer for Trio, Andrew Cohen.</subfield>
      </datafield>
      <datafield ind1='0' ind2=' ' tag='511'>
        <subfield code='a'>Narrator, William H. Macy ; commentary, Dennis Hopper, Peter Bogdanovich, Tony Bill, Paul Schrader, Margot Kidder, Arthur Penn, Peter Fonda, Roger Corman, Laszlo Kovacs, Polly Platt, Henry Jaglom, Richard Dreyfuss, Jennifer Salt, Karen Black, Ellen Burstyn, Mickey Dolenz, Jerome Hellman, Mike Medavoy, John Milius, Gloria Katz, Willard Huyck, Cybill Shepherd, Kris Kristofferson, Joan Tewkesbury.</subfield>
      </datafield>
      <datafield ind1=' ' ind2=' ' tag='520'>
        <subfield code='a'>A documentary of Peter Biskind&apos;s controversial, best-selling book, which chronicles edgy, impressionistic pictures made by maverick, now-legendary directors such as Scorsese, Coppola, Lucas, Altman, Polanski and Peckinpah. Includes interviews with many directors, writers, actors, etc. Bonus disc (ca. 102 min.) includes more interviews including one with Peter Biskind.</subfield>
      </datafield>
      <datafield ind1='8' ind2=' ' tag='521'>
        <subfield code='a'>MPAA rating: TV 14.</subfield>
      </datafield>
      <datafield ind1=' ' ind2=' ' tag='538'>
        <subfield code='a'>DVD; region 1, NTSC; full screen presentation; Dolby Digital.</subfield>
      </datafield>
      <datafield ind1=' ' ind2=' ' tag='586'>
        <subfield code='a'>Festival de Cannes, 2003 : Official Selection.</subfield>
      </datafield>
      <datafield ind1=' ' ind2=' ' tag='586'>
        <subfield code='a'>Deauville, 2003.</subfield>
      </datafield>
      <datafield ind1=' ' ind2='0' tag='650'>
        <subfield code='a'>Motion picture producers and directors</subfield>
        <subfield code='z'>United States</subfield>
        <subfield code='v'>Biography.</subfield>
      </datafield>
      <datafield ind1=' ' ind2='0' tag='650'>
        <subfield code='a'>Motion pictures</subfield>
        <subfield code='z'>United States</subfield>
        <subfield code='x'>History.</subfield>
      </datafield>
      <datafield ind1=' ' ind2='7' tag='650'>
        <subfield code='a'>Motion picture producers and directors.</subfield>
        <subfield code='2'>fast</subfield>
        <subfield code='0'>(OCoLC)fst01027225</subfield>
      </datafield>
      <datafield ind1=' ' ind2='7' tag='650'>
        <subfield code='a'>Motion pictures.</subfield>
        <subfield code='2'>fast</subfield>
        <subfield code='0'>(OCoLC)fst01027285</subfield>
      </datafield>
      <datafield ind1=' ' ind2='7' tag='651'>
        <subfield code='a'>United States.</subfield>
        <subfield code='2'>fast</subfield>
        <subfield code='0'>(OCoLC)fst01204155</subfield>
      </datafield>
      <datafield ind1=' ' ind2='7' tag='655'>
        <subfield code='a'>Documentary films.</subfield>
        <subfield code='2'>lcgft</subfield>
      </datafield>
      <datafield ind1=' ' ind2='7' tag='655'>
        <subfield code='a'>Biographical films.</subfield>
        <subfield code='2'>lcgft</subfield>
      </datafield>
      <datafield ind1=' ' ind2='7' tag='655'>
        <subfield code='a'>Feature films.</subfield>
        <subfield code='2'>lcgft</subfield>
      </datafield>
      <datafield ind1=' ' ind2='7' tag='655'>
        <subfield code='a'>Biography.</subfield>
        <subfield code='2'>fast</subfield>
        <subfield code='0'>(OCoLC)fst01423686</subfield>
      </datafield>
      <datafield ind1=' ' ind2='7' tag='655'>
        <subfield code='a'>History.</subfield>
        <subfield code='2'>fast</subfield>
        <subfield code='0'>(OCoLC)fst01411628</subfield>
      </datafield>
      <datafield ind1='1' ind2=' ' tag='700'>
        <subfield code='a'>Bowser, Kenneth,</subfield>
        <subfield code='e'>screenwriter,</subfield>
        <subfield code='e'>producer,</subfield>
        <subfield code='e'>director.</subfield>
      </datafield>
      <datafield ind1='1' ind2=' ' tag='700'>
        <subfield code='a'>Talbot, Rachel,</subfield>
        <subfield code='e'>producer.</subfield>
      </datafield>
      <datafield ind1='1' ind2=' ' tag='700'>
        <subfield code='a'>Braun, Josh,</subfield>
        <subfield code='e'>producer.</subfield>
      </datafield>
      <datafield ind1='1' ind2=' ' tag='700'>
        <subfield code='a'>Mailman, Paul,</subfield>
        <subfield code='e'>director of photography.</subfield>
      </datafield>
      <datafield ind1='1' ind2=' ' tag='700'>
        <subfield code='a'>Akesson, Pascal,</subfield>
        <subfield code='e'>editor.</subfield>
      </datafield>
      <datafield ind1='1' ind2=' ' tag='700'>
        <subfield code='a'>Ware, Nick,</subfield>
        <subfield code='e'>producer.</subfield>
      </datafield>
      <datafield ind1='1' ind2=' ' tag='700'>
        <subfield code='a'>Cohen, Andy,</subfield>
        <subfield code='d'>1968-</subfield>
        <subfield code='e'>producer.</subfield>
      </datafield>
      <datafield ind1='1' ind2=' ' tag='700'>
        <subfield code='a'>Macy, William H.,</subfield>
        <subfield code='d'>1950-</subfield>
        <subfield code='e'>narrator.</subfield>
      </datafield>
      <datafield ind1='1' ind2=' ' tag='700'>
        <subfield code='a'>Hopper, Dennis,</subfield>
        <subfield code='d'>1936-2010,</subfield>
        <subfield code='e'>interviewee.</subfield>
      </datafield>
      <datafield ind1='1' ind2=' ' tag='700'>
        <subfield code='a'>Bogdanovich, Peter,</subfield>
        <subfield code='d'>1939-</subfield>
        <subfield code='e'>interviewee.</subfield>
      </datafield>
      <datafield ind1='1' ind2=' ' tag='700'>
        <subfield code='a'>Bill, Tony,</subfield>
        <subfield code='d'>1940-</subfield>
        <subfield code='e'>interviewee.</subfield>
      </datafield>
      <datafield ind1='1' ind2=' ' tag='700'>
        <subfield code='a'>Schrader, Paul,</subfield>
        <subfield code='d'>1946-</subfield>
        <subfield code='e'>interviewee.</subfield>
      </datafield>
      <datafield ind1='1' ind2=' ' tag='700'>
        <subfield code='a'>Kidder, Margot,</subfield>
        <subfield code='e'>interviewee.</subfield>
      </datafield>
      <datafield ind1='1' ind2=' ' tag='700'>
        <subfield code='a'>Penn, Arthur,</subfield>
        <subfield code='d'>1922-2010,</subfield>
        <subfield code='e'>interviewee.</subfield>
      </datafield>
      <datafield ind1='1' ind2=' ' tag='700'>
        <subfield code='a'>Fonda, Peter,</subfield>
        <subfield code='d'>1939-</subfield>
        <subfield code='e'>interviewee.</subfield>
      </datafield>
      <datafield ind1='1' ind2=' ' tag='700'>
        <subfield code='a'>Corman, Roger,</subfield>
        <subfield code='d'>1926-</subfield>
        <subfield code='e'>interviewee.</subfield>
      </datafield>
      <datafield ind1='1' ind2=' ' tag='700'>
        <subfield code='a'>Kovacs, Laszlo,</subfield>
        <subfield code='d'>1933-2007,</subfield>
        <subfield code='e'>interviewee.</subfield>
      </datafield>
      <datafield ind1='1' ind2=' ' tag='700'>
        <subfield code='a'>Platt, Polly,</subfield>
        <subfield code='e'>interviewee.</subfield>
      </datafield>
      <datafield ind1='1' ind2=' ' tag='700'>
        <subfield code='a'>Jaglom, Henry,</subfield>
        <subfield code='d'>1939-</subfield>
        <subfield code='e'>interviewee.</subfield>
      </datafield>
      <datafield ind1='1' ind2=' ' tag='700'>
        <subfield code='a'>Dreyfuss, Richard,</subfield>
        <subfield code='e'>interviewee.</subfield>
      </datafield>
      <datafield ind1='1' ind2=' ' tag='700'>
        <subfield code='a'>Salt, Jennifer,</subfield>
        <subfield code='d'>1944-</subfield>
        <subfield code='e'>interviewee.</subfield>
      </datafield>
      <datafield ind1='1' ind2=' ' tag='700'>
        <subfield code='a'>Black, Karen,</subfield>
        <subfield code='d'>1939-2013,</subfield>
        <subfield code='e'>interviewee.</subfield>
      </datafield>
      <datafield ind1='1' ind2=' ' tag='700'>
        <subfield code='a'>Burstyn, Ellen,</subfield>
        <subfield code='d'>1932-</subfield>
        <subfield code='e'>interviewee.</subfield>
      </datafield>
      <datafield ind1='1' ind2=' ' tag='700'>
        <subfield code='a'>Dolenz, Micky,</subfield>
        <subfield code='e'>interviewee.</subfield>
      </datafield>
      <datafield ind1='1' ind2=' ' tag='700'>
        <subfield code='a'>Hellman, Jerome,</subfield>
        <subfield code='e'>interviewee.</subfield>
      </datafield>
      <datafield ind1='1' ind2=' ' tag='700'>
        <subfield code='a'>Medavoy, Mike,</subfield>
        <subfield code='e'>interviewee.</subfield>
      </datafield>
      <datafield ind1='1' ind2=' ' tag='700'>
        <subfield code='a'>Milius, John,</subfield>
        <subfield code='e'>interviewee.</subfield>
      </datafield>
      <datafield ind1='1' ind2=' ' tag='700'>
        <subfield code='a'>Katz, Gloria,</subfield>
        <subfield code='e'>interviewee.</subfield>
      </datafield>
      <datafield ind1='1' ind2=' ' tag='700'>
        <subfield code='a'>Huyck, Willard,</subfield>
        <subfield code='e'>interviewee.</subfield>
      </datafield>
      <datafield ind1='1' ind2=' ' tag='700'>
        <subfield code='a'>Shepherd, Cybill,</subfield>
        <subfield code='d'>1950-</subfield>
        <subfield code='e'>interviewee.</subfield>
      </datafield>
      <datafield ind1='1' ind2=' ' tag='700'>
        <subfield code='a'>Kristofferson, Kris,</subfield>
        <subfield code='e'>interviewee.</subfield>
      </datafield>
      <datafield ind1='1' ind2=' ' tag='700'>
        <subfield code='a'>Tewkesbury, Joan,</subfield>
        <subfield code='e'>interviewee.</subfield>
      </datafield>
      <datafield ind1='1' ind2=' ' tag='700'>
        <subfield code='a'>Biskind, Peter.</subfield>
        <subfield code='t'>Easy riders, raging bulls.</subfield>
      </datafield>
      <datafield ind1='2' ind2=' ' tag='710'>
        <subfield code='a'>British Broadcasting Corporation.</subfield>
      </datafield>
      <datafield ind1='2' ind2=' ' tag='710'>
        <subfield code='a'>Fremantle Corporation.</subfield>
      </datafield>
      <datafield ind1='2' ind2=' ' tag='710'>
        <subfield code='a'>Submarine (Firm)</subfield>
      </datafield>
      <datafield ind1='2' ind2=' ' tag='710'>
        <subfield code='a'>Cactus Three (Firm)</subfield>
      </datafield>
      <datafield ind1='2' ind2=' ' tag='710'>
        <subfield code='a'>Trio (Television Network)</subfield>
      </datafield>
      <datafield ind1='2' ind2=' ' tag='710'>
        <subfield code='a'>Shout! Factory (Firm)</subfield>
      </datafield>
      <datafield ind1=' ' ind2=' ' tag='907'>
        <subfield code='a'>b8363894</subfield>
      </datafield>
      <datafield ind1='9' ind2='1' tag='999'>
        <subfield code='i'>i10888700</subfield>
        <subfield code='l'>wadb</subfield>
        <subfield code='s'>o</subfield>
        <subfield code='t'>60</subfield>
        <subfield code='c'>1</subfield>
        <subfield code='o'>0</subfield>
        <subfield code='p'>099</subfield>
        <subfield code='q'>|aDVD-799</subfield>
        <subfield code='v'>disc 1-2</subfield>
        <subfield code='n'>Special Collection material:  Use of audio or visual material may require production of listening or viewing copies before use.  Contact wilsonlibrary@unc.edu before visiting reading room for more information.</subfield>
      </datafield>
  </record>