
  <record>
    <leader>00000cgm  2200325Ia 4500</leader>
      <controlfield tag='008'>950327s1989    nju090 e          vleng d</controlfield>
      <controlfield tag='007'>vf cbahou</controlfield>
      <controlfield tag='001'>32208773</controlfield>
      <controlfield tag='005'>20000427123427.0</controlfield>
      <datafield ind1=' ' ind2=' ' tag='020'>
        <subfield code='a'>1561277088</subfield>
      </datafield>
      <datafield ind1='4' ind2='0' tag='028'>
        <subfield code='a'>1708</subfield>
        <subfield code='b'>White Star</subfield>
      </datafield>
      <datafield ind1=' ' ind2=' ' tag='040'>
        <subfield code='a'>IOK</subfield>
        <subfield code='c'>IOK</subfield>
        <subfield code='d'>GZM</subfield>
        <subfield code='d'>IBI</subfield>
        <subfield code='d'>NOC</subfield>
      </datafield>
      <datafield ind1=' ' ind2=' ' tag='043'>
        <subfield code='a'>a-cc---</subfield>
      </datafield>
      <datafield ind1='0' ind2='0' tag='245'>
        <subfield code='a'>Chinese brush painting</subfield>
        <subfield code='h'>[videocassette] :</subfield>
        <subfield code='b'>an introduction /</subfield>
        <subfield code='c'>by Jane Evans.</subfield>
      </datafield>
      <datafield ind1='3' ind2=' ' tag='246'>
        <subfield code='a'>Introduction to Chinese brush painting</subfield>
      </datafield>
      <datafield ind1=' ' ind2=' ' tag='260'>
        <subfield code='a'>W. Long Branch, NJ :</subfield>
        <subfield code='b'>White Star,</subfield>
        <subfield code='c'>c1989.</subfield>
      </datafield>
      <datafield ind1=' ' ind2=' ' tag='300'>
        <subfield code='a'>1 videocassette (90 min.) :</subfield>
        <subfield code='b'>sd., col. ;</subfield>
        <subfield code='c'>1/2 in.</subfield>
      </datafield>
      <datafield ind1=' ' ind2=' ' tag='500'>
        <subfield code='a'>Title on container: Introduction to Chinese brush painting.</subfield>
      </datafield>
      <datafield ind1=' ' ind2=' ' tag='508'>
        <subfield code='a'>Produced by John Henson Associates.</subfield>
      </datafield>
      <datafield ind1='0' ind2=' ' tag='511'>
        <subfield code='a'>Presenter: Jane Evans.</subfield>
      </datafield>
      <datafield ind1=' ' ind2=' ' tag='520'>
        <subfield code='a'>Explore the exciting possibilities of Chinese brush painting by observing the artist painting flowers, animals, and landscapes.</subfield>
      </datafield>
      <datafield ind1=' ' ind2='0' tag='650'>
        <subfield code='a'>Ink painting</subfield>
        <subfield code='x'>Technique.</subfield>
      </datafield>
      <datafield ind1=' ' ind2='0' tag='650'>
        <subfield code='a'>Ink painting, Chinese</subfield>
        <subfield code='x'>Technique.</subfield>
      </datafield>
      <datafield ind1='1' ind2=' ' tag='700'>
        <subfield code='a'>Evans, Jane.</subfield>
      </datafield>
      <datafield ind1='2' ind2=' ' tag='710'>
        <subfield code='a'>White Star Video.</subfield>
      </datafield>
      <datafield ind1=' ' ind2=' ' tag='907'>
        <subfield code='a'>b3399075</subfield>
      </datafield>
      <datafield ind1='9' ind2='1' tag='999'>
        <subfield code='i'>i4821532</subfield>
        <subfield code='l'>truls</subfield>
        <subfield code='s'>o</subfield>
        <subfield code='t'>57</subfield>
        <subfield code='c'>1</subfield>
        <subfield code='o'>0</subfield>
        <subfield code='b'>00015378805</subfield>
        <subfield code='p'>099</subfield>
        <subfield code='q'>|a65-V7683</subfield>
        <subfield code='n'>Ask at Media Resources Desk for assistance. Phone: (919)-962-2559. Email address: mrc@unc.edu</subfield>
      </datafield>
  </record>