
  <record>
    <leader>00000cam  2200181I  4500</leader>
      <controlfield tag='008'>930301s1959    nyug          000 0 eng  </controlfield>
      <controlfield tag='001'>909903</controlfield>
      <controlfield tag='005'>19930301000000.0</controlfield>
      <datafield ind1=' ' ind2=' ' tag='010'>
        <subfield code='a'>59009799</subfield>
      </datafield>
      <datafield ind1=' ' ind2=' ' tag='040'>
        <subfield code='a'>DLC</subfield>
        <subfield code='c'>KSU</subfield>
        <subfield code='d'>OCL</subfield>
        <subfield code='d'>IUL</subfield>
        <subfield code='d'>PLT</subfield>
        <subfield code='d'>NOC</subfield>
      </datafield>
      <datafield ind1='1' ind2=' ' tag='100'>
        <subfield code='a'>Bockmon, Guy Alan.</subfield>
      </datafield>
      <datafield ind1='1' ind2='0' tag='245'>
        <subfield code='a'>Scored for listening: a guide to music</subfield>
        <subfield code='c'>[by] Guy Bockmon [and] William J. Starr.</subfield>
      </datafield>
      <datafield ind1=' ' ind2=' ' tag='260'>
        <subfield code='a'>New York,</subfield>
        <subfield code='b'>Harcourt, Brace &amp; World</subfield>
        <subfield code='c'>[1959]</subfield>
      </datafield>
      <datafield ind1=' ' ind2=' ' tag='300'>
        <subfield code='a'>xvii, 253 p.</subfield>
        <subfield code='b'>music.</subfield>
        <subfield code='c'>22 cm.</subfield>
      </datafield>
      <datafield ind1=' ' ind2=' ' tag='500'>
        <subfield code='a'>&quot;Line scores for listening,&quot; with annotations: p. [93]-204.</subfield>
      </datafield>
      <datafield ind1=' ' ind2='0' tag='650'>
        <subfield code='a'>Music appreciation.</subfield>
      </datafield>
      <datafield ind1=' ' ind2='0' tag='650'>
        <subfield code='a'>Music</subfield>
        <subfield code='v'>Handbooks, manuals, etc.</subfield>
      </datafield>
      <datafield ind1='1' ind2=' ' tag='700'>
        <subfield code='a'>Starr, William J.</subfield>
        <subfield code='q'>(William Joseph),</subfield>
        <subfield code='d'>1923-</subfield>
      </datafield>
      <datafield ind1=' ' ind2=' ' tag='907'>
        <subfield code='a'>b1204946</subfield>
      </datafield>
      <datafield ind1='9' ind2='1' tag='999'>
        <subfield code='i'>i1358570</subfield>
        <subfield code='l'>mmda</subfield>
        <subfield code='s'>-</subfield>
        <subfield code='t'>0</subfield>
        <subfield code='c'>1</subfield>
        <subfield code='o'>0</subfield>
        <subfield code='b'>00010034580</subfield>
        <subfield code='p'>090</subfield>
        <subfield code='q'>|aMT6.B649 S4</subfield>
      </datafield>
      <datafield ind1='9' ind2='1' tag='999'>
        <subfield code='i'>i1358571</subfield>
        <subfield code='l'>mmda</subfield>
        <subfield code='s'>m</subfield>
        <subfield code='t'>0</subfield>
        <subfield code='c'>2</subfield>
        <subfield code='o'>0</subfield>
        <subfield code='b'>HAGR-4264-00002</subfield>
        <subfield code='p'>090</subfield>
        <subfield code='q'>|aMT6.B649 S4</subfield>
      </datafield>
  </record>