
  <record>
    <leader>00000cam  2200289 a 4500</leader>
      <controlfield tag='008'>860612s1985    ii            000 0 eng  </controlfield>
      <controlfield tag='001'>13064926</controlfield>
      <controlfield tag='005'>19860612000000.0</controlfield>
      <datafield ind1=' ' ind2=' ' tag='010'>
        <subfield code='a'>85903246</subfield>
      </datafield>
      <datafield ind1=' ' ind2=' ' tag='020'>
        <subfield code='a'>8120201353 :</subfield>
        <subfield code='c'>Rs60.00</subfield>
      </datafield>
      <datafield ind1=' ' ind2=' ' tag='040'>
        <subfield code='a'>DLC</subfield>
        <subfield code='c'>DLC</subfield>
        <subfield code='d'>NOC</subfield>
      </datafield>
      <datafield ind1=' ' ind2=' ' tag='043'>
        <subfield code='a'>a-ii---</subfield>
      </datafield>
      <datafield ind1='0' ind2=' ' tag='082'>
        <subfield code='a'>363.1/79</subfield>
        <subfield code='2'>19</subfield>
      </datafield>
      <datafield ind1='1' ind2=' ' tag='100'>
        <subfield code='a'>Sufrin, Sidney C.,</subfield>
        <subfield code='d'>1910-1997.</subfield>
      </datafield>
      <datafield ind1='1' ind2='0' tag='245'>
        <subfield code='a'>Bhopal, its setting, responsibility, and challenge /</subfield>
        <subfield code='c'>Sidney C. Surfin.</subfield>
      </datafield>
      <datafield ind1=' ' ind2=' ' tag='260'>
        <subfield code='a'>Delhi :</subfield>
        <subfield code='b'>Ajanta Publications :</subfield>
        <subfield code='b'>Distributors, Ajanta Books International,</subfield>
        <subfield code='c'>1985.</subfield>
      </datafield>
      <datafield ind1=' ' ind2=' ' tag='300'>
        <subfield code='a'>98 p. ;</subfield>
        <subfield code='c'>23 cm.</subfield>
      </datafield>
      <datafield ind1=' ' ind2=' ' tag='500'>
        <subfield code='a'>60-9</subfield>
      </datafield>
      <datafield ind1='2' ind2='0' tag='610'>
        <subfield code='a'>Union Carbide Ltd. (India)</subfield>
      </datafield>
      <datafield ind1='2' ind2='0' tag='610'>
        <subfield code='a'>Union Carbide Corporation.</subfield>
      </datafield>
      <datafield ind1=' ' ind2='0' tag='650'>
        <subfield code='a'>Bhopal Union Carbide Plant Disaster, Bhopal, India, 1984.</subfield>
      </datafield>
      <datafield ind1=' ' ind2='0' tag='650'>
        <subfield code='a'>Industrial toxicology</subfield>
        <subfield code='z'>India</subfield>
        <subfield code='z'>Bhopal.</subfield>
      </datafield>
      <datafield ind1=' ' ind2='0' tag='650'>
        <subfield code='a'>Industrial hygiene</subfield>
        <subfield code='x'>Government</subfield>
        <subfield code='z'>India.</subfield>
      </datafield>
      <datafield ind1=' ' ind2='0' tag='650'>
        <subfield code='a'>Methyl isocyanate</subfield>
        <subfield code='x'>Environmental aspects</subfield>
        <subfield code='z'>India</subfield>
        <subfield code='z'>Bhopal.</subfield>
      </datafield>
      <datafield ind1=' ' ind2=' ' tag='907'>
        <subfield code='a'>b2089165</subfield>
      </datafield>
      <datafield ind1='9' ind2='1' tag='999'>
        <subfield code='i'>i3019745</subfield>
        <subfield code='l'>trln</subfield>
        <subfield code='s'>-</subfield>
        <subfield code='t'>0</subfield>
        <subfield code='c'>1</subfield>
        <subfield code='o'>3</subfield>
        <subfield code='b'>00003367145</subfield>
        <subfield code='p'>090</subfield>
        <subfield code='q'>|aHD7269.C452 I527 1985</subfield>
      </datafield>
  </record>