
  <record>
    <leader>00000cam  22003734a 4500</leader>
      <controlfield tag='008'>040810s2005    nju      b    001 0 eng  </controlfield>
      <controlfield tag='001'>56325312</controlfield>
      <controlfield tag='003'>OCoLC</controlfield>
      <controlfield tag='005'>20081021084809.0</controlfield>
      <datafield ind1=' ' ind2=' ' tag='010'>
        <subfield code='a'>2004057143</subfield>
      </datafield>
      <datafield ind1='7' ind2=' ' tag='016'>
        <subfield code='a'>101227029</subfield>
        <subfield code='2'>DNLM</subfield>
      </datafield>
      <datafield ind1=' ' ind2=' ' tag='020'>
        <subfield code='a'>0470090367 (alk. paper)</subfield>
      </datafield>
      <datafield ind1=' ' ind2=' ' tag='020'>
        <subfield code='a'>9780470090367 (alk. paper)</subfield>
      </datafield>
      <datafield ind1=' ' ind2=' ' tag='035'>
        <subfield code='a'>(OCoLC)56325312</subfield>
      </datafield>
      <datafield ind1=' ' ind2=' ' tag='040'>
        <subfield code='a'>DNLM/DLC</subfield>
        <subfield code='c'>DLC</subfield>
        <subfield code='d'>YDX</subfield>
        <subfield code='d'>NLM</subfield>
        <subfield code='d'>BAKER</subfield>
        <subfield code='d'>NLGGC</subfield>
        <subfield code='d'>BTCTA</subfield>
        <subfield code='d'>YDXCP</subfield>
        <subfield code='d'>OCLCG</subfield>
      </datafield>
      <datafield ind1=' ' ind2=' ' tag='042'>
        <subfield code='a'>pcc</subfield>
      </datafield>
      <datafield ind1=' ' ind2=' ' tag='049'>
        <subfield code='a'>NOCC</subfield>
      </datafield>
      <datafield ind1='0' ind2='0' tag='050'>
        <subfield code='a'>RC554</subfield>
        <subfield code='b'>.P468 2005</subfield>
      </datafield>
      <datafield ind1='0' ind2='0' tag='060'>
        <subfield code='a'>2005 E-878</subfield>
      </datafield>
      <datafield ind1='1' ind2='0' tag='060'>
        <subfield code='a'>WM 190</subfield>
        <subfield code='b'>P4667 2005</subfield>
      </datafield>
      <datafield ind1='0' ind2='0' tag='245'>
        <subfield code='a'>Personality disorders /</subfield>
        <subfield code='c'>edited by Mario Maj ... [et al.].</subfield>
      </datafield>
      <datafield ind1=' ' ind2=' ' tag='260'>
        <subfield code='a'>Hoboken, NJ :</subfield>
        <subfield code='b'>J. Wiley,</subfield>
        <subfield code='c'>c2005.</subfield>
      </datafield>
      <datafield ind1=' ' ind2=' ' tag='300'>
        <subfield code='a'>xix, 515 p. ;</subfield>
        <subfield code='c'>24 cm.</subfield>
      </datafield>
      <datafield ind1=' ' ind2=' ' tag='504'>
        <subfield code='a'>Includes bibliographical references and index.</subfield>
      </datafield>
      <datafield ind1='1' ind2='2' tag='650'>
        <subfield code='a'>Personality Disorders.</subfield>
      </datafield>
      <datafield ind1=' ' ind2='0' tag='650'>
        <subfield code='a'>Personality disorders.</subfield>
      </datafield>
      <datafield ind1='1' ind2=' ' tag='700'>
        <subfield code='a'>Maj, Mario,</subfield>
        <subfield code='d'>1953-</subfield>
      </datafield>
      <datafield ind1=' ' ind2='0' tag='830'>
        <subfield code='a'>WPA series, evidence and experience in psychiatry ;</subfield>
        <subfield code='v'>v. 8.</subfield>
      </datafield>
      <datafield ind1='4' ind2='8' tag='856'>
        <subfield code='3'>Table of contents only</subfield>
        <subfield code='u'>http://www.loc.gov/catdir/toc/wiley051/2004057143.html</subfield>
      </datafield>
      <datafield ind1=' ' ind2=' ' tag='907'>
        <subfield code='a'>b4724192</subfield>
      </datafield>
      <datafield ind1='9' ind2='1' tag='999'>
        <subfield code='i'>i6172991</subfield>
        <subfield code='l'>ddda</subfield>
        <subfield code='s'>-</subfield>
        <subfield code='t'>0</subfield>
        <subfield code='c'>1</subfield>
        <subfield code='o'>1</subfield>
        <subfield code='b'>00024991699</subfield>
        <subfield code='p'>050</subfield>
        <subfield code='q'>|aRC554|b.P468 2005</subfield>
      </datafield>
  </record>