
  <record>
    <leader>00000nam  22001932  4500</leader>
      <controlfield tag='008'>101116s1984    dcu          f000 0 eng d</controlfield>
      <controlfield tag='001'>hsl000755403</controlfield>
      <controlfield tag='003'>DGPO</controlfield>
      <controlfield tag='005'>20101116112956.0</controlfield>
      <datafield ind1=' ' ind2=' ' tag='040'>
        <subfield code='a'>GPO</subfield>
        <subfield code='c'>GPO</subfield>
      </datafield>
      <datafield ind1='0' ind2=' ' tag='086'>
        <subfield code='a'>Y 3.B 27:2 H 19</subfield>
      </datafield>
      <datafield ind1='0' ind2='0' tag='245'>
        <subfield code='a'>Hand anthropometrics.</subfield>
      </datafield>
      <datafield ind1=' ' ind2=' ' tag='260'>
        <subfield code='a'>[Washington, D.C.,</subfield>
        <subfield code='c'>1984].</subfield>
      </datafield>
      <datafield ind1=' ' ind2=' ' tag='300'>
        <subfield code='a'>1 v.</subfield>
      </datafield>
      <datafield ind1=' ' ind2=' ' tag='500'>
        <subfield code='a'>9-84.</subfield>
      </datafield>
      <datafield ind1=' ' ind2=' ' tag='500'>
        <subfield code='a'>CRDP Project Historic Shelflist record.</subfield>
      </datafield>
      <datafield ind1=' ' ind2=' ' tag='907'>
        <subfield code='a'>b6945753</subfield>
      </datafield>
      <datafield ind1='9' ind2='1' tag='999'>
        <subfield code='i'>i9332015</subfield>
        <subfield code='l'>dcpf</subfield>
        <subfield code='s'>-</subfield>
        <subfield code='t'>20</subfield>
        <subfield code='c'>1</subfield>
        <subfield code='o'>0</subfield>
        <subfield code='p'>086</subfield>
        <subfield code='q'>|aY 3.B 27:2 H 19</subfield>
        <subfield code='n'>Need Help? Ask at Davis RefDesk</subfield>
      </datafield>
  </record>