
  <record>
    <leader>00000cam a2200553Mi 4500</leader>
      <controlfield tag='006'>m    eo  d</controlfield>
      <controlfield tag='007'>cr bn||||m|||a</controlfield>
      <controlfield tag='008'>150601s2015    waua    ob    000 0 eng d</controlfield>
      <controlfield tag='001'>918875277wcm</controlfield>
      <controlfield tag='003'>OCoLC</controlfield>
      <controlfield tag='005'>20150927115828.2</controlfield>
      <datafield ind1=' ' ind2=' ' tag='020'>
        <subfield code='a'>1628416742</subfield>
        <subfield code='q'>electronic</subfield>
      </datafield>
      <datafield ind1=' ' ind2=' ' tag='020'>
        <subfield code='a'>9781628416749</subfield>
        <subfield code='q'>electronic</subfield>
      </datafield>
      <datafield ind1='7' ind2=' ' tag='024'>
        <subfield code='a'>10.1117/3.2205866</subfield>
        <subfield code='2'>doi</subfield>
      </datafield>
      <datafield ind1=' ' ind2=' ' tag='040'>
        <subfield code='a'>SPIES</subfield>
        <subfield code='b'>eng</subfield>
        <subfield code='e'>rda</subfield>
        <subfield code='c'>SPIES</subfield>
        <subfield code='d'>OCLCO</subfield>
        <subfield code='d'>UIU</subfield>
      </datafield>
      <datafield ind1=' ' ind2='4' tag='050'>
        <subfield code='a'>RE336</subfield>
        <subfield code='b'>.S854 2015eb</subfield>
      </datafield>
      <datafield ind1=' ' ind2='4' tag='060'>
        <subfield code='a'>WW 320</subfield>
        <subfield code='b'>S85f 2015eb</subfield>
      </datafield>
      <datafield ind1='0' ind2='4' tag='082'>
        <subfield code='a'>617.7/19059</subfield>
        <subfield code='2'>23</subfield>
      </datafield>
      <datafield ind1='1' ind2=' ' tag='100'>
        <subfield code='a'>Sun, Hui,</subfield>
        <subfield code='e'>author.</subfield>
      </datafield>
      <datafield ind1='1' ind2='0' tag='245'>
        <subfield code='a'>Femtosecond-laser-assisted LASIK eye surgery and imaging /</subfield>
        <subfield code='c'>Hui Sun.</subfield>
      </datafield>
      <datafield ind1=' ' ind2='1' tag='264'>
        <subfield code='a'>Bellingham, Washington :</subfield>
        <subfield code='b'>SPIE,</subfield>
        <subfield code='c'>2015.</subfield>
      </datafield>
      <datafield ind1=' ' ind2=' ' tag='300'>
        <subfield code='a'>1 online resource (viii, 29 pages) :</subfield>
        <subfield code='b'>illustrations.</subfield>
      </datafield>
      <datafield ind1=' ' ind2=' ' tag='336'>
        <subfield code='a'>still image</subfield>
        <subfield code='b'>sti</subfield>
        <subfield code='2'>rdacontent</subfield>
      </datafield>
      <datafield ind1=' ' ind2=' ' tag='336'>
        <subfield code='a'>text</subfield>
        <subfield code='b'>txt</subfield>
        <subfield code='2'>rdacontent</subfield>
      </datafield>
      <datafield ind1=' ' ind2=' ' tag='337'>
        <subfield code='a'>computer</subfield>
        <subfield code='b'>c</subfield>
        <subfield code='2'>rdamedia</subfield>
      </datafield>
      <datafield ind1=' ' ind2=' ' tag='338'>
        <subfield code='a'>online resource</subfield>
        <subfield code='b'>cr</subfield>
        <subfield code='2'>rdacarrier</subfield>
      </datafield>
      <datafield ind1=' ' ind2=' ' tag='504'>
        <subfield code='a'>Includes bibliographical references.</subfield>
      </datafield>
      <datafield ind1='0' ind2=' ' tag='505'>
        <subfield code='a'>Preface -- 1. Concepts related to laser in situ keratomileusis surgery: 1.1. Wavefront technology in ophthalmology; 1.2. The laser; 1.3. Laser-tissue interactions -- 2. LASIK surgery: 2.1. LASIK procedure; 2.2. All-solid-state chirped pulse amplification femtosecond laser; 2.3. Femtosecond-laser-assisted flap creation; 2.4. Commercially available femtosecond lasers in refractive surgery -- 3. Safety study: 3.1. Retina safety; 3.2. Iris safety -- 4. Imaging technology for LASIK surgery -- 5. Acknowledgments.</subfield>
      </datafield>
      <datafield ind1='1' ind2=' ' tag='506'>
        <subfield code='a'>Access limited to UNC Chapel Hill-authenticated users.</subfield>
        <subfield code='f'>Unlimited simultaneous users</subfield>
      </datafield>
      <datafield ind1=' ' ind2=' ' tag='520'>
        <subfield code='a'>Laser in situ keratomileusis (LASIK) surgery combines high-ablation precision and minimized collateral tissue effects to nonthermally dissociate dense corneal tissue. The procedure has benefited millions of patients and sparked increased interest in the principles and research behind it. This Spotlight discusses femtosecond-laser-assisted LASIK surgery and its three primary components: wavefront detection, femtosecond-laser flap creation, and excimer-laser cornea correction.</subfield>
      </datafield>
      <datafield ind1=' ' ind2=' ' tag='588'>
        <subfield code='a'>Title from PDF title page (SPIE eBooks Website, viewed 2015-08-11).</subfield>
      </datafield>
      <datafield ind1='1' ind2='2' tag='650'>
        <subfield code='a'>Keratomileusis, Laser In Situ.</subfield>
      </datafield>
      <datafield ind1=' ' ind2='0' tag='650'>
        <subfield code='a'>Eye</subfield>
        <subfield code='x'>Refractive errors</subfield>
        <subfield code='x'>Surgery.</subfield>
      </datafield>
      <datafield ind1=' ' ind2='0' tag='650'>
        <subfield code='a'>LASIK (Eye surgery)</subfield>
      </datafield>
      <datafield ind1='2' ind2='2' tag='650'>
        <subfield code='a'>Cornea</subfield>
        <subfield code='x'>surgery.</subfield>
      </datafield>
      <datafield ind1='2' ind2='2' tag='650'>
        <subfield code='a'>Refractive Surgical Procedures.</subfield>
      </datafield>
      <datafield ind1='2' ind2=' ' tag='710'>
        <subfield code='a'>Society of Photo-optical Instrumentation Engineers,</subfield>
        <subfield code='e'>publisher.</subfield>
      </datafield>
      <datafield ind1='0' ind2=' ' tag='773'>
        <subfield code='t'>SPIE ebooks (online collection). 1989-2015</subfield>
      </datafield>
      <datafield ind1='0' ind2=' ' tag='773'>
        <subfield code='t'>OCLC WorldShare Collection Manager managed collection. EbookMain</subfield>
      </datafield>
      <datafield ind1=' ' ind2='0' tag='830'>
        <subfield code='a'>SPIE spotlight ;</subfield>
        <subfield code='v'>SL06.</subfield>
      </datafield>
      <datafield ind1='4' ind2='0' tag='856'>
        <subfield code='u'>http://libproxy.lib.unc.edu/login?url=http://dx.doi.org/10.1117/3.2205866</subfield>
        <subfield code='y'>Full text available via the UNC-Chapel Hill Libraries</subfield>
      </datafield>
      <datafield ind1=' ' ind2='1' tag='907'>
        <subfield code='a'>b8344067</subfield>
      </datafield>
  </record>