
  <record>
    <leader>00000cam  2200397 a 4500</leader>
      <controlfield tag='008'>930615m19919999dcua     bt  f000 0 eng d</controlfield>
      <controlfield tag='001'>28276029</controlfield>
      <controlfield tag='005'>19940817092826.0</controlfield>
      <datafield ind1=' ' ind2=' ' tag='035'>
        <subfield code='a'>(GPO)94090897</subfield>
      </datafield>
      <datafield ind1=' ' ind2=' ' tag='037'>
        <subfield code='a'>052-021-00528-8</subfield>
        <subfield code='b'>GPO</subfield>
      </datafield>
      <datafield ind1=' ' ind2=' ' tag='040'>
        <subfield code='d'>GPO</subfield>
        <subfield code='d'>DLC</subfield>
      </datafield>
      <datafield ind1=' ' ind2=' ' tag='074'>
        <subfield code='a'>1051-H-11 (MF)</subfield>
      </datafield>
      <datafield ind1='0' ind2=' ' tag='086'>
        <subfield code='a'>Y 3.N 88:25/4302/V.-</subfield>
      </datafield>
      <datafield ind1=' ' ind2=' ' tag='088'>
        <subfield code='a'>NUREG/CR-4302</subfield>
      </datafield>
      <datafield ind1=' ' ind2=' ' tag='088'>
        <subfield code='a'>ORNL-6193</subfield>
      </datafield>
      <datafield ind1='0' ind2='0' tag='245'>
        <subfield code='a'>Aging and service wear of check valves used in engineered safety-feature systems of nuclear power plants.</subfield>
      </datafield>
      <datafield ind1=' ' ind2=' ' tag='260'>
        <subfield code='a'>Washington, DC :</subfield>
        <subfield code='b'>Division of Engineering, Office of Nuclear Regulatory Research, U.S. Nuclear Regulatory Commission,</subfield>
        <subfield code='c'>1991-</subfield>
      </datafield>
      <datafield ind1=' ' ind2=' ' tag='300'>
        <subfield code='a'>v. :</subfield>
        <subfield code='b'>ill. ;</subfield>
        <subfield code='c'>28 cm.</subfield>
      </datafield>
      <datafield ind1=' ' ind2=' ' tag='500'>
        <subfield code='a'>Description based on v. 2.</subfield>
      </datafield>
      <datafield ind1=' ' ind2=' ' tag='500'>
        <subfield code='a'>&quot;Oak Ridge National Laboratory.&quot;</subfield>
      </datafield>
      <datafield ind1=' ' ind2=' ' tag='500'>
        <subfield code='a'>Distributed to depository libraries in microfiche.</subfield>
      </datafield>
      <datafield ind1=' ' ind2=' ' tag='500'>
        <subfield code='a'>Vol. 2 no longer available for sale by the Supt. of Docs.</subfield>
      </datafield>
      <datafield ind1=' ' ind2=' ' tag='500'>
        <subfield code='a'>&quot;Date published: April 1991&quot;--Vol. 2.</subfield>
      </datafield>
      <datafield ind1=' ' ind2=' ' tag='500'>
        <subfield code='a'>&quot;NUREG/CR-4302.&quot;</subfield>
      </datafield>
      <datafield ind1=' ' ind2=' ' tag='500'>
        <subfield code='a'>&quot;ORNL-6193.&quot;</subfield>
      </datafield>
      <datafield ind1=' ' ind2=' ' tag='500'>
        <subfield code='a'>&quot;Prepared ... under contract no. DE-ACO5-84OR21400.&quot;</subfield>
      </datafield>
      <datafield ind1=' ' ind2=' ' tag='504'>
        <subfield code='a'>Includes bibliographical references (v. 2, p. 53).</subfield>
      </datafield>
      <datafield ind1='1' ind2=' ' tag='505'>
        <subfield code='a'>v. 2. Aging assessments and monitoring method evaluations / prepared by H.D. Haynes.</subfield>
      </datafield>
      <datafield ind1=' ' ind2=' ' tag='513'>
        <subfield code='a'>Topical.</subfield>
      </datafield>
      <datafield ind1=' ' ind2=' ' tag='536'>
        <subfield code='c'>B0828.</subfield>
      </datafield>
      <datafield ind1=' ' ind2='0' tag='650'>
        <subfield code='a'>Nuclear power plants</subfield>
        <subfield code='x'>Piping</subfield>
        <subfield code='x'>Valves</subfield>
        <subfield code='x'>Reliability.</subfield>
      </datafield>
      <datafield ind1=' ' ind2='0' tag='650'>
        <subfield code='a'>Nuclear power plants</subfield>
        <subfield code='x'>Safety measures.</subfield>
      </datafield>
      <datafield ind1='1' ind2=' ' tag='700'>
        <subfield code='a'>Haynes, H. D.</subfield>
      </datafield>
      <datafield ind1='2' ind2=' ' tag='710'>
        <subfield code='a'>U.S. Nuclear Regulatory Commission.</subfield>
        <subfield code='b'>Office of Nuclear Regulatory Research.</subfield>
        <subfield code='b'>Division of Engineering.</subfield>
      </datafield>
      <datafield ind1='2' ind2=' ' tag='710'>
        <subfield code='a'>Oak Ridge National Laboratory.</subfield>
      </datafield>
      <datafield ind1=' ' ind2=' ' tag='907'>
        <subfield code='a'>b3755144</subfield>
      </datafield>
      <datafield ind1='9' ind2='1' tag='999'>
        <subfield code='i'>i5219312</subfield>
        <subfield code='l'>dcpfb</subfield>
        <subfield code='s'>-</subfield>
        <subfield code='t'>20</subfield>
        <subfield code='c'>1</subfield>
        <subfield code='o'>0</subfield>
        <subfield code='b'>HBCC-1525-00001</subfield>
        <subfield code='p'>086</subfield>
        <subfield code='q'>|aY 3.N 88:25/4302/V.-</subfield>
      </datafield>
  </record>