
  <record>
    <leader>00000cam a2200277I  4500</leader>
      <controlfield tag='008'>760414s1941    ag bc    b    000 0bspa  </controlfield>
      <controlfield tag='001'>2111658</controlfield>
      <controlfield tag='005'>19940111111210.0</controlfield>
      <datafield ind1=' ' ind2=' ' tag='010'>
        <subfield code='a'>42017448 //r42</subfield>
      </datafield>
      <datafield ind1=' ' ind2=' ' tag='040'>
        <subfield code='a'>DLC</subfield>
        <subfield code='c'>TXU</subfield>
        <subfield code='d'>SER</subfield>
      </datafield>
      <datafield ind1='0' ind2=' ' tag='050'>
        <subfield code='a'>F1230</subfield>
        <subfield code='b'>.C9265</subfield>
      </datafield>
      <datafield ind1=' ' ind2=' ' tag='082'>
        <subfield code='a'>923.572</subfield>
      </datafield>
      <datafield ind1='1' ind2=' ' tag='100'>
        <subfield code='a'>Madariaga, Salvador de,</subfield>
        <subfield code='d'>1886-1978.</subfield>
      </datafield>
      <datafield ind1='1' ind2='0' tag='245'>
        <subfield code='a'>Hernán Cortés.</subfield>
      </datafield>
      <datafield ind1=' ' ind2=' ' tag='260'>
        <subfield code='a'>Buenos Aires,</subfield>
        <subfield code='b'>Editorial sudamericana</subfield>
        <subfield code='c'>[1941]</subfield>
      </datafield>
      <datafield ind1=' ' ind2=' ' tag='300'>
        <subfield code='a'>3 p. ℓ., [9]-739 [1] p.</subfield>
        <subfield code='b'>port., 2 maps (1 fold.)</subfield>
        <subfield code='c'>22 cm.</subfield>
      </datafield>
      <datafield ind1=' ' ind2=' ' tag='504'>
        <subfield code='a'>&quot;Bibliografía&quot;: p. 664-[670]</subfield>
      </datafield>
      <datafield ind1='1' ind2='0' tag='600'>
        <subfield code='a'>Cortés, Hernán,</subfield>
        <subfield code='d'>1485-1547.</subfield>
      </datafield>
      <datafield ind1=' ' ind2='0' tag='651'>
        <subfield code='a'>Mexico</subfield>
        <subfield code='x'>History</subfield>
        <subfield code='y'>Conquest, 1519-1540.</subfield>
      </datafield>
      <datafield ind1=' ' ind2=' ' tag='907'>
        <subfield code='a'>b2581726</subfield>
      </datafield>
      <datafield ind1='9' ind2='1' tag='999'>
        <subfield code='i'>i3713527</subfield>
        <subfield code='l'>ddda</subfield>
        <subfield code='s'>-</subfield>
        <subfield code='t'>0</subfield>
        <subfield code='c'>1</subfield>
        <subfield code='o'>1</subfield>
        <subfield code='b'>10002377116</subfield>
        <subfield code='p'>090</subfield>
        <subfield code='q'>|aF1230 .C9265</subfield>
      </datafield>
  </record>