
  <record>
    <leader>00000cam  2200397Ia 4500</leader>
      <controlfield tag='008'>090507r20091988inu      b    000 0deng d</controlfield>
      <controlfield tag='001'>320802313</controlfield>
      <controlfield tag='003'>OCoLC</controlfield>
      <controlfield tag='005'>20091204060156.7</controlfield>
      <datafield ind1=' ' ind2=' ' tag='020'>
        <subfield code='a'>9781587314551</subfield>
      </datafield>
      <datafield ind1=' ' ind2=' ' tag='020'>
        <subfield code='a'>158731455X</subfield>
      </datafield>
      <datafield ind1=' ' ind2=' ' tag='035'>
        <subfield code='a'>(OCoLC)320802313</subfield>
      </datafield>
      <datafield ind1=' ' ind2=' ' tag='040'>
        <subfield code='a'>BTCTA</subfield>
        <subfield code='c'>BTCTA</subfield>
        <subfield code='d'>BWX</subfield>
        <subfield code='d'>OCLCQ</subfield>
      </datafield>
      <datafield ind1=' ' ind2='4' tag='050'>
        <subfield code='a'>BX5199.L53</subfield>
        <subfield code='b'>A4 2009</subfield>
      </datafield>
      <datafield ind1=' ' ind2=' ' tag='082'>
        <subfield code='a'>820.8009</subfield>
      </datafield>
      <datafield ind1='1' ind2=' ' tag='100'>
        <subfield code='a'>Lewis, C. S.</subfield>
        <subfield code='q'>(Clive Staples),</subfield>
        <subfield code='d'>1898-1963.</subfield>
      </datafield>
      <datafield ind1='1' ind2='0' tag='240'>
        <subfield code='a'>Correspondence</subfield>
      </datafield>
      <datafield ind1='1' ind2='4' tag='245'>
        <subfield code='a'>The Latin letters of C.S. Lewis /</subfield>
        <subfield code='c'>C.S. Lewis, Don Giovanni Calabria ; translated and edited by Martin Moynihan.</subfield>
      </datafield>
      <datafield ind1=' ' ind2=' ' tag='250'>
        <subfield code='a'>Corr. paperbound ed.</subfield>
      </datafield>
      <datafield ind1=' ' ind2=' ' tag='260'>
        <subfield code='a'>South Bend, Ind. :</subfield>
        <subfield code='b'>St. Augustine&apos;s Press,</subfield>
        <subfield code='c'>2009.</subfield>
      </datafield>
      <datafield ind1=' ' ind2=' ' tag='300'>
        <subfield code='a'>125 p. ;</subfield>
        <subfield code='c'>23 cm.</subfield>
      </datafield>
      <datafield ind1=' ' ind2=' ' tag='500'>
        <subfield code='a'>Originally published: Letters. Ann Arbor, Mich. : Servant Books, 1988.</subfield>
      </datafield>
      <datafield ind1=' ' ind2=' ' tag='504'>
        <subfield code='a'>Includes bibliographical references.</subfield>
      </datafield>
      <datafield ind1=' ' ind2=' ' tag='546'>
        <subfield code='a'>English and Latin.</subfield>
      </datafield>
      <datafield ind1='1' ind2='0' tag='600'>
        <subfield code='a'>Lewis, C. S.</subfield>
        <subfield code='q'>(Clive Staples),</subfield>
        <subfield code='d'>1898-1963</subfield>
        <subfield code='v'>Correspondence.</subfield>
      </datafield>
      <datafield ind1='1' ind2='0' tag='600'>
        <subfield code='a'>Calabria, Giovanni,</subfield>
        <subfield code='c'>Saint,</subfield>
        <subfield code='d'>1873-1954</subfield>
        <subfield code='v'>Correspondence.</subfield>
      </datafield>
      <datafield ind1='2' ind2='0' tag='610'>
        <subfield code='a'>Catholic Church</subfield>
        <subfield code='z'>Italy</subfield>
        <subfield code='x'>Clergy</subfield>
        <subfield code='v'>Biography.</subfield>
      </datafield>
      <datafield ind1=' ' ind2='0' tag='650'>
        <subfield code='a'>Anglicans</subfield>
        <subfield code='z'>England</subfield>
        <subfield code='v'>Correspondence.</subfield>
      </datafield>
      <datafield ind1=' ' ind2='0' tag='650'>
        <subfield code='a'>Authors, English</subfield>
        <subfield code='y'>20th century</subfield>
        <subfield code='v'>Correspondence.</subfield>
      </datafield>
      <datafield ind1='1' ind2=' ' tag='700'>
        <subfield code='a'>Calabria, Giovanni,</subfield>
        <subfield code='c'>Saint,</subfield>
        <subfield code='d'>1873-1954.</subfield>
      </datafield>
      <datafield ind1='1' ind2=' ' tag='700'>
        <subfield code='a'>Moynihan, Martin.</subfield>
      </datafield>
      <datafield ind1=' ' ind2=' ' tag='907'>
        <subfield code='a'>b6044826</subfield>
      </datafield>
      <datafield ind1='9' ind2='1' tag='999'>
        <subfield code='i'>i7937307</subfield>
        <subfield code='l'>ddda</subfield>
        <subfield code='s'>-</subfield>
        <subfield code='t'>0</subfield>
        <subfield code='c'>1</subfield>
        <subfield code='o'>1</subfield>
        <subfield code='b'>00033740051</subfield>
        <subfield code='p'>050</subfield>
        <subfield code='q'>|aBX5199.L53|bA4 2009</subfield>
      </datafield>
  </record>