
  <record>
    <leader>00000nam  2200193   4500</leader>
      <controlfield tag='008'>800225s1755    enk|||| a     00| ||eng d</controlfield>
      <controlfield tag='001'>M-ESTCT95487</controlfield>
      <controlfield tag='005'>19961112112658.0</controlfield>
      <datafield ind1=' ' ind2=' ' tag='040'>
        <subfield code='a'>Uk-ES</subfield>
        <subfield code='c'>Uk-ES</subfield>
        <subfield code='d'>CStRLIN</subfield>
        <subfield code='d'>ResP</subfield>
      </datafield>
      <datafield ind1='1' ind2=' ' tag='100'>
        <subfield code='a'>Wilson, Henry,</subfield>
        <subfield code='d'>1673-1741.</subfield>
      </datafield>
      <datafield ind1='1' ind2='0' tag='245'>
        <subfield code='a'>Surveying improved:</subfield>
        <subfield code='h'>[microform]</subfield>
        <subfield code='b'>or, the whole art, both in theory and practice, fully demonstrated. In four parts. ... The fourth edition, with additions; embellished and illustrated with proper cuts, &amp;c. ... By Henry Wilson, ... To which is now added, Geodoesia accurata: or, surveying made easy by the chain only. ... Also, a new essay upon solids. ... By William Hume, ...</subfield>
      </datafield>
      <datafield ind1='2' ind2=' ' tag='246'>
        <subfield code='a'>Surveying improv&apos;d</subfield>
      </datafield>
      <datafield ind1=' ' ind2=' ' tag='260'>
        <subfield code='a'>London :</subfield>
        <subfield code='b'>printed for T. and T. Longman, C. Hitch and L. Hawes, J. and J. Rivington, W. Johnston, and P. Davey and B. Law,</subfield>
        <subfield code='c'>1755.</subfield>
      </datafield>
      <datafield ind1=' ' ind2=' ' tag='300'>
        <subfield code='a'>[12],555,[1]p.,plates ;</subfield>
        <subfield code='c'>8̕.</subfield>
      </datafield>
      <datafield ind1=' ' ind2=' ' tag='500'>
        <subfield code='a'>The additions by Hume have separate titlepages dated respectively 1754, 1755; register and pagination are continuous.</subfield>
      </datafield>
      <datafield ind1=' ' ind2=' ' tag='533'>
        <subfield code='a'>Microfilm.</subfield>
        <subfield code='b'>Woodbridge, CT</subfield>
        <subfield code='c'>Research Publications, Inc.,</subfield>
        <subfield code='d'>1986.</subfield>
        <subfield code='e'>1 reel ; 35mm.</subfield>
        <subfield code='f'>(The Eighteenth Century ; reel 6257, no. 06).</subfield>
      </datafield>
      <datafield ind1=' ' ind2='0' tag='830'>
        <subfield code='a'>Eighteenth century ;</subfield>
        <subfield code='v'>reel 6257, no. 06.</subfield>
      </datafield>
      <datafield ind1=' ' ind2=' ' tag='907'>
        <subfield code='a'>b3891364</subfield>
      </datafield>
      <datafield ind1='9' ind2='1' tag='999'>
        <subfield code='i'>i5373957</subfield>
        <subfield code='l'>dgdaa</subfield>
        <subfield code='s'>-</subfield>
        <subfield code='t'>28</subfield>
        <subfield code='c'>1</subfield>
        <subfield code='o'>0</subfield>
        <subfield code='b'>HBDK-0065-00001</subfield>
        <subfield code='p'>099</subfield>
        <subfield code='q'>|a1-2586 reel 6257, no. 06</subfield>
      </datafield>
  </record>