
  <record>
    <leader>00000cam a2200253I  4500</leader>
      <controlfield tag='008'>830418s1926    ag acf        000 0 spa  </controlfield>
      <controlfield tag='001'>9421930</controlfield>
      <controlfield tag='005'>19970516174924.0</controlfield>
      <datafield ind1=' ' ind2=' ' tag='010'>
        <subfield code='a'>28005841</subfield>
      </datafield>
      <datafield ind1=' ' ind2=' ' tag='040'>
        <subfield code='a'>DLC</subfield>
        <subfield code='c'>CSL</subfield>
        <subfield code='d'>CSL</subfield>
      </datafield>
      <datafield ind1='0' ind2=' ' tag='050'>
        <subfield code='a'>F2831</subfield>
        <subfield code='b'>.L52</subfield>
      </datafield>
      <datafield ind1='1' ind2=' ' tag='100'>
        <subfield code='a'>Leguizamón, Martiniano,</subfield>
        <subfield code='d'>1858-1935.</subfield>
      </datafield>
      <datafield ind1='1' ind2='0' tag='245'>
        <subfield code='a'>Hombres y cosas que pasaron,</subfield>
        <subfield code='c'>por Martiniano Leguizamón.</subfield>
      </datafield>
      <datafield ind1=' ' ind2=' ' tag='260'>
        <subfield code='a'>Buenos Aires,</subfield>
        <subfield code='b'>J. Lajouane &amp; cia,</subfield>
        <subfield code='c'>1926.</subfield>
      </datafield>
      <datafield ind1=' ' ind2=' ' tag='300'>
        <subfield code='a'>440, [4] p.</subfield>
        <subfield code='b'>front. (port.) illus., pl.</subfield>
        <subfield code='c'>24 cm.</subfield>
      </datafield>
      <datafield ind1=' ' ind2='0' tag='650'>
        <subfield code='a'>Argentine literature</subfield>
        <subfield code='x'>History and criticism.</subfield>
      </datafield>
      <datafield ind1=' ' ind2='0' tag='651'>
        <subfield code='a'>Argentina</subfield>
        <subfield code='x'>History.</subfield>
      </datafield>
      <datafield ind1=' ' ind2=' ' tag='907'>
        <subfield code='a'>b3019349</subfield>
      </datafield>
      <datafield ind1='9' ind2='1' tag='999'>
        <subfield code='i'>i4295133</subfield>
        <subfield code='l'>trln</subfield>
        <subfield code='s'>-</subfield>
        <subfield code='t'>0</subfield>
        <subfield code='c'>1</subfield>
        <subfield code='o'>0</subfield>
        <subfield code='b'>00031445570</subfield>
        <subfield code='p'>092</subfield>
        <subfield code='q'>|a982 L521h</subfield>
      </datafield>
  </record>