
  <record>
    <leader>00000cam  2200193Ia 4500</leader>
      <controlfield tag='008'>860710s1847    sp            000 0 spa d</controlfield>
      <controlfield tag='001'>13847166</controlfield>
      <controlfield tag='005'>19860710000000.0</controlfield>
      <datafield ind1=' ' ind2=' ' tag='040'>
        <subfield code='a'>NOC</subfield>
        <subfield code='c'>NOC</subfield>
      </datafield>
      <datafield ind1='1' ind2=' ' tag='100'>
        <subfield code='a'>Loma y Corradi, Luis de.</subfield>
      </datafield>
      <datafield ind1='1' ind2='0' tag='245'>
        <subfield code='a'>No siempre lo bueno es bueno :</subfield>
        <subfield code='b'>comedia en un acto y en verso /</subfield>
        <subfield code='c'>su autor Luis de Loma y Corradi.</subfield>
      </datafield>
      <datafield ind1=' ' ind2=' ' tag='260'>
        <subfield code='a'>Cádiz :</subfield>
        <subfield code='b'>Impr. de J.M. Ruiz,</subfield>
        <subfield code='c'>1847.</subfield>
      </datafield>
      <datafield ind1=' ' ind2=' ' tag='300'>
        <subfield code='a'>46 p. ;</subfield>
        <subfield code='c'>20 cm.</subfield>
      </datafield>
      <datafield ind1=' ' ind2=' ' tag='500'>
        <subfield code='a'>No. 7, in vol. 137 with binder&apos;s title: Teatro Español Borrás.</subfield>
      </datafield>
      <datafield ind1=' ' ind2=' ' tag='907'>
        <subfield code='a'>b2127574</subfield>
      </datafield>
      <datafield ind1='9' ind2='1' tag='999'>
        <subfield code='i'>i3072917</subfield>
        <subfield code='l'>wcda</subfield>
        <subfield code='s'>o</subfield>
        <subfield code='t'>0</subfield>
        <subfield code='c'>1</subfield>
        <subfield code='o'>0</subfield>
        <subfield code='b'>HAKQ-5541-00001</subfield>
        <subfield code='p'>090</subfield>
        <subfield code='q'>|aPQ6217 .T443 v. 137, no. 7</subfield>
        <subfield code='n'>UNC-CH has some pages with deletions and handwritten passages.</subfield>
      </datafield>
      <datafield ind1='9' ind2='2' tag='999'>
        <subfield code='a'>c2356695</subfield>
        <subfield code='b'>wcda</subfield>
        <subfield code='c'>0</subfield>
      </datafield>
      <datafield ind1='9' ind2='3' tag='999'>
        <subfield code='0'>c2356695</subfield>
        <subfield code='2'>852</subfield>
        <subfield code='3'>c</subfield>
        <subfield code='b'>572211</subfield>
        <subfield code='h'>PQ6217</subfield>
        <subfield code='i'>.T443 v. 137, no. 7</subfield>
      </datafield>
      <datafield ind1='9' ind2='3' tag='999'>
        <subfield code='0'>c2356695</subfield>
        <subfield code='2'>852</subfield>
        <subfield code='3'>c</subfield>
        <subfield code='p'>HAKQ-5541-00001</subfield>
        <subfield code='t'>1</subfield>
        <subfield code='z'>UNC-CH has some pages with deletions and handwritten passages.</subfield>
      </datafield>
  </record>