
  <record>
    <leader>00000njm  2200325Ka 4500</leader>
      <controlfield tag='008'>121119s1953    nju                 eng d</controlfield>
      <controlfield tag='007'>sd dmsdnnmsluu</controlfield>
      <controlfield tag='001'>820524155</controlfield>
      <datafield ind1='1' ind2='2' tag='028'>
        <subfield code='a'>20-5372</subfield>
        <subfield code='b'>RCA Victor</subfield>
      </datafield>
      <datafield ind1='1' ind2='2' tag='028'>
        <subfield code='a'>E3VB-0694-1A (matrix)</subfield>
      </datafield>
      <datafield ind1='1' ind2='2' tag='028'>
        <subfield code='a'>E3VB-0695-1A (matrix)</subfield>
      </datafield>
      <datafield ind1='0' ind2='0' tag='245'>
        <subfield code='a'>I&apos;m walking behind you-all</subfield>
        <subfield code='h'>[sound recording] ;</subfield>
        <subfield code='b'>Mexican Joe no. 6 ⁷/₈.</subfield>
      </datafield>
      <datafield ind1='1' ind2=' ' tag='246'>
        <subfield code='i'>Side B:</subfield>
        <subfield code='a'>Mexican Joe no. 6 ⁷/₈</subfield>
      </datafield>
      <datafield ind1='1' ind2=' ' tag='246'>
        <subfield code='i'>Side B:</subfield>
        <subfield code='a'>Mexican Joe no. 6 7/8</subfield>
      </datafield>
      <datafield ind1=' ' ind2=' ' tag='260'>
        <subfield code='a'>Camden, N.J. :</subfield>
        <subfield code='b'>RCA Victor,</subfield>
        <subfield code='c'>[1953]</subfield>
      </datafield>
      <datafield ind1=' ' ind2=' ' tag='300'>
        <subfield code='a'>1 sound disc :</subfield>
        <subfield code='b'>analog, 78 rpm, mono. ;</subfield>
        <subfield code='c'>10 in.</subfield>
      </datafield>
      <datafield ind1=' ' ind2=' ' tag='500'>
        <subfield code='a'>&quot;Record Prevue. Disc Jockey Sample.&quot;</subfield>
      </datafield>
      <datafield ind1=' ' ind2=' ' tag='500'>
        <subfield code='a'>Condition: Excellent.</subfield>
      </datafield>
      <datafield ind1=' ' ind2=' ' tag='500'>
        <subfield code='a'>Composer: Side A: Billy Reid. Side B: Mitchell Torok.</subfield>
      </datafield>
      <datafield ind1=' ' ind2=' ' tag='500'>
        <subfield code='a'>John Edwards Memorial Collection.</subfield>
      </datafield>
      <datafield ind1=' ' ind2=' ' tag='500'>
        <subfield code='a'>Special Collection material:  Use of audio or visual material may require production of listening or viewing copies before use.  Contact wilsonlibrary@unc.edu before visiting reading room for more information.</subfield>
      </datafield>
      <datafield ind1='0' ind2=' ' tag='511'>
        <subfield code='a'>Side A: Homer and Jethro. Side B: Homer and Jethro.</subfield>
      </datafield>
      <datafield ind1=' ' ind2='0' tag='650'>
        <subfield code='a'>Country music</subfield>
        <subfield code='y'>1951-1960.</subfield>
      </datafield>
      <datafield ind1='1' ind2=' ' tag='700'>
        <subfield code='a'>Reid, Billy.</subfield>
        <subfield code='4'>cmp</subfield>
      </datafield>
      <datafield ind1='1' ind2=' ' tag='700'>
        <subfield code='a'>Torok, Mitch.</subfield>
        <subfield code='4'>cmp</subfield>
      </datafield>
      <datafield ind1='2' ind2=' ' tag='710'>
        <subfield code='a'>Homer and Jethro.</subfield>
        <subfield code='4'>prf</subfield>
      </datafield>
      <datafield ind1='4' ind2='2' tag='856'>
        <subfield code='3'>Finding aid for the John Edwards Memorial Collection</subfield>
        <subfield code='u'>http://finding-aids.lib.unc.edu/20001/</subfield>
      </datafield>
      <datafield ind1=' ' ind2=' ' tag='907'>
        <subfield code='a'>b7273645</subfield>
      </datafield>
      <datafield ind1='9' ind2='1' tag='999'>
        <subfield code='i'>i9805849</subfield>
        <subfield code='l'>wadb</subfield>
        <subfield code='s'>o</subfield>
        <subfield code='t'>50</subfield>
        <subfield code='c'>1</subfield>
        <subfield code='o'>0</subfield>
        <subfield code='p'>099</subfield>
        <subfield code='q'>|a78-13519</subfield>
        <subfield code='n'>Special Collection material:  Use of audio or visual material may require production of listening or viewing copies before use.  Contact wilsonlibrary@unc.edu before visiting reading room for more information.</subfield>
      </datafield>
  </record>