
  <record>
    <leader>00000cam  2200301 a 4500</leader>
      <controlfield tag='008'>910216s1990    oncaf    b    001 0 eng c</controlfield>
      <controlfield tag='001'>21158926</controlfield>
      <controlfield tag='005'>19910216000000.0</controlfield>
      <datafield ind1=' ' ind2=' ' tag='010'>
        <subfield code='a'>cn 90093480</subfield>
      </datafield>
      <datafield ind1=' ' ind2=' ' tag='015'>
        <subfield code='a'>C90-93480-8</subfield>
      </datafield>
      <datafield ind1=' ' ind2=' ' tag='020'>
        <subfield code='a'>0802057802 :</subfield>
        <subfield code='c'>$35.00</subfield>
      </datafield>
      <datafield ind1=' ' ind2=' ' tag='040'>
        <subfield code='a'>CaOTU</subfield>
        <subfield code='b'>eng</subfield>
        <subfield code='c'>NLC</subfield>
        <subfield code='d'>NOC</subfield>
      </datafield>
      <datafield ind1=' ' ind2=' ' tag='045'>
        <subfield code='a'>x6x8</subfield>
      </datafield>
      <datafield ind1='0' ind2=' ' tag='082'>
        <subfield code='a'>327.71</subfield>
        <subfield code='2'>20</subfield>
      </datafield>
      <datafield ind1='1' ind2=' ' tag='100'>
        <subfield code='a'>Granatstein, J. L.</subfield>
      </datafield>
      <datafield ind1='1' ind2='0' tag='245'>
        <subfield code='a'>Pirouette :</subfield>
        <subfield code='b'>Pierre Trudeau and Canadian foreign policy /</subfield>
        <subfield code='c'>J.L. Granatstein, Robert Bothwell.</subfield>
      </datafield>
      <datafield ind1=' ' ind2=' ' tag='260'>
        <subfield code='a'>Toronto ;</subfield>
        <subfield code='a'>Buffalo :</subfield>
        <subfield code='b'>University of Toronto Press,</subfield>
        <subfield code='c'>c1990.</subfield>
      </datafield>
      <datafield ind1=' ' ind2=' ' tag='300'>
        <subfield code='a'>xiv, 477 p., [20] p. of plates :</subfield>
        <subfield code='b'>ill. ;</subfield>
        <subfield code='c'>25 cm.</subfield>
      </datafield>
      <datafield ind1=' ' ind2=' ' tag='504'>
        <subfield code='a'>Includes bibliographical references (p. [385]-463) and index.</subfield>
      </datafield>
      <datafield ind1='1' ind2='0' tag='600'>
        <subfield code='a'>Trudeau, Pierre Elliott.</subfield>
      </datafield>
      <datafield ind1=' ' ind2='0' tag='651'>
        <subfield code='a'>Canada</subfield>
        <subfield code='x'>Foreign relations</subfield>
        <subfield code='y'>1945-</subfield>
      </datafield>
      <datafield ind1=' ' ind2='0' tag='651'>
        <subfield code='a'>Canada</subfield>
        <subfield code='x'>Politics and government</subfield>
        <subfield code='y'>1945-1980.</subfield>
      </datafield>
      <datafield ind1='1' ind2=' ' tag='700'>
        <subfield code='a'>Bothwell, Robert.</subfield>
      </datafield>
      <datafield ind1=' ' ind2='0' tag='830'>
        <subfield code='a'>Canada in world affairs.</subfield>
      </datafield>
      <datafield ind1=' ' ind2=' ' tag='907'>
        <subfield code='a'>b2338354</subfield>
      </datafield>
      <datafield ind1='9' ind2='1' tag='999'>
        <subfield code='i'>i3363197</subfield>
        <subfield code='l'>ddda</subfield>
        <subfield code='s'>-</subfield>
        <subfield code='t'>0</subfield>
        <subfield code='c'>1</subfield>
        <subfield code='o'>1</subfield>
        <subfield code='b'>00004946786</subfield>
        <subfield code='p'>090</subfield>
        <subfield code='q'>|aF1034.2 .G7225 1990</subfield>
      </datafield>
  </record>