
  <record>
    <leader>00000nam  22003251  4500</leader>
      <controlfield tag='006'>m    |o  d |</controlfield>
      <controlfield tag='008'>930528s1850    wiu     o     ||  | eng u</controlfield>
      <controlfield tag='007'>cr||n||||||||n</controlfield>
      <controlfield tag='001'>CTRG10168004-B</controlfield>
      <controlfield tag='003'>CStRLIN</controlfield>
      <controlfield tag='005'>20004441170056.0</controlfield>
      <datafield ind1=' ' ind2=' ' tag='040'>
        <subfield code='d'>Thomson Gale</subfield>
      </datafield>
      <datafield ind1='1' ind2=' ' tag='100'>
        <subfield code='a'>Smith, William,</subfield>
        <subfield code='d'>1787-1868.</subfield>
      </datafield>
      <datafield ind1='1' ind2='0' tag='245'>
        <subfield code='a'>Discourse delivered before the State Historical Society of Wisconsin, at its first annual meeting on Tuesday, January 15th, 1850 at the capitol in Madison</subfield>
        <subfield code='h'>[electronic resource] /</subfield>
        <subfield code='c'>by William R. Smith.</subfield>
      </datafield>
      <datafield ind1=' ' ind2=' ' tag='260'>
        <subfield code='a'>Madison :</subfield>
        <subfield code='b'>B. Brown, Printer,</subfield>
        <subfield code='c'>1850.</subfield>
      </datafield>
      <datafield ind1=' ' ind2=' ' tag='300'>
        <subfield code='a'>1 online resource (53 p.)</subfield>
      </datafield>
      <datafield ind1=' ' ind2=' ' tag='500'>
        <subfield code='a'>Historical address on the Mississippi valley and the Old Northwest.</subfield>
      </datafield>
      <datafield ind1=' ' ind2=' ' tag='500'>
        <subfield code='a'>HIS-325.</subfield>
      </datafield>
      <datafield ind1=' ' ind2=' ' tag='500'>
        <subfield code='a'>Reproduction of original from Huntington Library.</subfield>
      </datafield>
      <datafield ind1=' ' ind2=' ' tag='500'>
        <subfield code='a'>Sabin no. 84860.</subfield>
      </datafield>
      <datafield ind1='1' ind2=' ' tag='506'>
        <subfield code='a'>Access limited to UNC Chapel Hill-authenticated users.</subfield>
        <subfield code='f'>Unlimited simultaneous users</subfield>
      </datafield>
      <datafield ind1='4' ind2=' ' tag='510'>
        <subfield code='a'>RLIN,</subfield>
        <subfield code='c'>CTRG10168004-B</subfield>
      </datafield>
      <datafield ind1=' ' ind2='0' tag='651'>
        <subfield code='a'>Northwest, Old</subfield>
        <subfield code='x'>History.</subfield>
      </datafield>
      <datafield ind1=' ' ind2='0' tag='651'>
        <subfield code='a'>Mississippi River Valley</subfield>
        <subfield code='x'>History.</subfield>
      </datafield>
      <datafield ind1='2' ind2=' ' tag='710'>
        <subfield code='a'>State Historical Society of Wisconsin.</subfield>
      </datafield>
      <datafield ind1='0' ind2=' ' tag='773'>
        <subfield code='t'>Sabin Americana, 1500-1926 (online collection). Ebooks</subfield>
      </datafield>
      <datafield ind1='4' ind2='0' tag='856'>
        <subfield code='u'>http://libproxy.lib.unc.edu/login?url=http://galenet.galegroup.com/servlet/Sabin?af=RN&amp;ae=CY101514523&amp;srchtp=a&amp;ste=14&amp;q=unc_main</subfield>
        <subfield code='y'>Full text available via the UNC-Chapel Hill Libraries</subfield>
        <subfield code='x'>Sabin Americana, 1500-1926</subfield>
      </datafield>
      <datafield ind1=' ' ind2=' ' tag='907'>
        <subfield code='a'>b6595570</subfield>
      </datafield>
  </record>