
  <record>
    <leader>00000cam  2200265 i 4500</leader>
      <controlfield tag='008'>791129s1977    txuaf    b   s000 0 eng  </controlfield>
      <controlfield tag='001'>5833849</controlfield>
      <datafield ind1=' ' ind2=' ' tag='010'>
        <subfield code='a'>79622580</subfield>
      </datafield>
      <datafield ind1=' ' ind2=' ' tag='040'>
        <subfield code='a'>DLC</subfield>
        <subfield code='c'>DLC</subfield>
        <subfield code='d'>m.c.</subfield>
        <subfield code='d'>NOC</subfield>
      </datafield>
      <datafield ind1=' ' ind2=' ' tag='043'>
        <subfield code='a'>n-us-tx</subfield>
      </datafield>
      <datafield ind1=' ' ind2=' ' tag='082'>
        <subfield code='a'>976.4/9</subfield>
      </datafield>
      <datafield ind1='1' ind2=' ' tag='100'>
        <subfield code='a'>Whalen, Michael E.</subfield>
      </datafield>
      <datafield ind1='1' ind2='0' tag='245'>
        <subfield code='a'>Settlement patterns of the eastern Hueco Bolson /</subfield>
        <subfield code='c'>by Michael E. Whalen, project archeologist, with contributions by Douglas Brethauer ... [et al.] ; Rex E. Gerald, principal investigator ; prepared for the Corps of Engineers, Albuquerque District, Albuquerque, New Mexico, under contract DACW47-75-C-0037.</subfield>
      </datafield>
      <datafield ind1=' ' ind2=' ' tag='260'>
        <subfield code='a'>[El Paso] :</subfield>
        <subfield code='b'>El Paso Centennial Museum, University of Texas at El Paso,</subfield>
        <subfield code='c'>1977.</subfield>
      </datafield>
      <datafield ind1=' ' ind2=' ' tag='300'>
        <subfield code='a'>xv, 217 p., [6] leaves of plates :</subfield>
        <subfield code='b'>ill. ;</subfield>
        <subfield code='c'>31 cm.</subfield>
      </datafield>
      <datafield ind1=' ' ind2=' ' tag='500'>
        <subfield code='a'>Errata slip (1 leaf) and &quot;Appendix G&quot; (7 leaves) inserted.</subfield>
      </datafield>
      <datafield ind1=' ' ind2=' ' tag='504'>
        <subfield code='a'>Includes bibliographies.</subfield>
      </datafield>
      <datafield ind1=' ' ind2='0' tag='650'>
        <subfield code='a'>Indians of North America</subfield>
        <subfield code='z'>Hueco Mountains Region (Tex. and N.M.)</subfield>
        <subfield code='x'>Antiquities.</subfield>
      </datafield>
      <datafield ind1=' ' ind2='0' tag='650'>
        <subfield code='a'>Excavations (Archaeology)</subfield>
        <subfield code='z'>Hueco Mountains Region (Tex. and N.M.)</subfield>
      </datafield>
      <datafield ind1=' ' ind2='0' tag='651'>
        <subfield code='a'>Hueco Mountains Region (Tex. and N.M.)</subfield>
        <subfield code='x'>Antiquities.</subfield>
      </datafield>
      <datafield ind1=' ' ind2='0' tag='651'>
        <subfield code='a'>Texas</subfield>
        <subfield code='x'>Antiquities.</subfield>
      </datafield>
      <datafield ind1='1' ind2=' ' tag='700'>
        <subfield code='a'>Gerald, Rex E.</subfield>
      </datafield>
      <datafield ind1='1' ind2=' ' tag='710'>
        <subfield code='a'>United States.</subfield>
        <subfield code='b'>Army.</subfield>
        <subfield code='b'>Corps of Engineers.</subfield>
        <subfield code='b'>Albuquerque District.</subfield>
      </datafield>
      <datafield ind1=' ' ind2='0' tag='830'>
        <subfield code='a'>Publications in anthropology (El Paso, Tex.) ;</subfield>
        <subfield code='v'>no. 4.</subfield>
      </datafield>
      <datafield ind1=' ' ind2=' ' tag='907'>
        <subfield code='a'>b1664026</subfield>
      </datafield>
      <datafield ind1='9' ind2='1' tag='999'>
        <subfield code='i'>i2376136</subfield>
        <subfield code='l'>trln</subfield>
        <subfield code='s'>-</subfield>
        <subfield code='t'>0</subfield>
        <subfield code='c'>1</subfield>
        <subfield code='o'>0</subfield>
        <subfield code='b'>00000688107</subfield>
        <subfield code='p'>090</subfield>
        <subfield code='q'>|aE78.T4 W5</subfield>
      </datafield>
  </record>