
  <record>
    <leader>00000nam  22002778a 4500</leader>
      <controlfield tag='008'>860320s1986    aluab    b   f001 0 eng d</controlfield>
      <controlfield tag='001'>13425233</controlfield>
      <datafield ind1=' ' ind2=' ' tag='010'>
        <subfield code='a'>86007896</subfield>
      </datafield>
      <datafield ind1=' ' ind2=' ' tag='035'>
        <subfield code='a'>(GPO)86018146</subfield>
      </datafield>
      <datafield ind1=' ' ind2=' ' tag='040'>
        <subfield code='a'>DLC</subfield>
        <subfield code='c'>DLC</subfield>
        <subfield code='d'>GPO</subfield>
      </datafield>
      <datafield ind1=' ' ind2=' ' tag='050'>
        <subfield code='a'>UG630</subfield>
        <subfield code='b'>.M378 1986</subfield>
      </datafield>
      <datafield ind1=' ' ind2=' ' tag='074'>
        <subfield code='a'>422-K</subfield>
      </datafield>
      <datafield ind1='0' ind2=' ' tag='082'>
        <subfield code='a'>358.4/03</subfield>
        <subfield code='2'>19</subfield>
      </datafield>
      <datafield ind1='0' ind2=' ' tag='086'>
        <subfield code='a'>D 301.26/6:L 22</subfield>
      </datafield>
      <datafield ind1='1' ind2=' ' tag='100'>
        <subfield code='a'>Mets, David R.</subfield>
      </datafield>
      <datafield ind1='1' ind2='0' tag='245'>
        <subfield code='a'>Land-based air power in Third World crises /</subfield>
        <subfield code='c'>by David R. Mets.</subfield>
      </datafield>
      <datafield ind1=' ' ind2=' ' tag='260'>
        <subfield code='a'>Maxwell Air Force Base, Ala. :</subfield>
        <subfield code='b'>Air University Press, Air University (AU) ;</subfield>
        <subfield code='a'>[Washington, D.C. :</subfield>
        <subfield code='b'>For sale by the Supt. of Docs., U.S. G.P.O.],</subfield>
        <subfield code='c'>1986.</subfield>
      </datafield>
      <datafield ind1=' ' ind2=' ' tag='300'>
        <subfield code='a'>xviii, 168 p. :</subfield>
        <subfield code='b'>ill., maps ;</subfield>
        <subfield code='c'>24 cm.</subfield>
      </datafield>
      <datafield ind1=' ' ind2=' ' tag='500'>
        <subfield code='a'>Shipping list no.: 86-597-P.</subfield>
      </datafield>
      <datafield ind1=' ' ind2=' ' tag='500'>
        <subfield code='a'>&quot;July 1986.&quot;</subfield>
      </datafield>
      <datafield ind1=' ' ind2=' ' tag='504'>
        <subfield code='a'>Includes bibliographies and index.</subfield>
      </datafield>
      <datafield ind1=' ' ind2='0' tag='650'>
        <subfield code='a'>Air power.</subfield>
      </datafield>
      <datafield ind1=' ' ind2='0' tag='650'>
        <subfield code='a'>Military history, Modern</subfield>
        <subfield code='y'>20th century.</subfield>
      </datafield>
      <datafield ind1=' ' ind2='0' tag='651'>
        <subfield code='a'>Developing countries</subfield>
        <subfield code='x'>Strategic aspects.</subfield>
      </datafield>
      <datafield ind1='2' ind2=' ' tag='710'>
        <subfield code='a'>Air University (U.S.)</subfield>
      </datafield>
      <datafield ind1=' ' ind2=' ' tag='907'>
        <subfield code='a'>b3462179</subfield>
      </datafield>
      <datafield ind1='9' ind2='1' tag='999'>
        <subfield code='i'>i4888801</subfield>
        <subfield code='l'>dcpf</subfield>
        <subfield code='s'>-</subfield>
        <subfield code='t'>20</subfield>
        <subfield code='c'>1</subfield>
        <subfield code='o'>0</subfield>
        <subfield code='b'>00023442437</subfield>
        <subfield code='p'>086</subfield>
        <subfield code='q'>|aD 301.26/6:L 22</subfield>
      </datafield>
      <datafield ind1='9' ind2='1' tag='999'>
        <subfield code='i'>i4888802</subfield>
        <subfield code='l'>erra</subfield>
        <subfield code='s'>-</subfield>
        <subfield code='t'>11</subfield>
        <subfield code='c'>1</subfield>
        <subfield code='o'>0</subfield>
        <subfield code='b'>HBJC-3574-00001</subfield>
        <subfield code='p'>086</subfield>
        <subfield code='q'>|aD 301.26/6:L 22</subfield>
      </datafield>
  </record>