
  <record>
    <leader>00000ccm  2200277I  4500</leader>
      <controlfield tag='008'>911014s1953    nyuzzz         n    zxx d</controlfield>
      <controlfield tag='001'>24559907</controlfield>
      <controlfield tag='003'>OCoLC</controlfield>
      <controlfield tag='005'>20111011020045.0</controlfield>
      <datafield ind1='2' ind2='0' tag='028'>
        <subfield code='a'>Pa 955-6</subfield>
        <subfield code='b'>Belwin, Inc.</subfield>
      </datafield>
      <datafield ind1=' ' ind2=' ' tag='035'>
        <subfield code='a'>(OCoLC)24559907</subfield>
      </datafield>
      <datafield ind1=' ' ind2=' ' tag='040'>
        <subfield code='a'>RER</subfield>
        <subfield code='c'>RER</subfield>
        <subfield code='d'>OCL</subfield>
        <subfield code='d'>OCLCG</subfield>
        <subfield code='d'>NOC</subfield>
      </datafield>
      <datafield ind1=' ' ind2=' ' tag='048'>
        <subfield code='a'>ka01</subfield>
      </datafield>
      <datafield ind1=' ' ind2=' ' tag='049'>
        <subfield code='a'>OFC1</subfield>
      </datafield>
      <datafield ind1='1' ind2=' ' tag='100'>
        <subfield code='a'>Pouishnoff, Leff,</subfield>
        <subfield code='d'>1891-1959.</subfield>
      </datafield>
      <datafield ind1='1' ind2='0' tag='245'>
        <subfield code='a'>When it rains,</subfield>
        <subfield code='b'>for piano solo.</subfield>
        <subfield code='c'>Edited by Leo Podolsky.</subfield>
      </datafield>
      <datafield ind1=' ' ind2=' ' tag='260'>
        <subfield code='a'>Rockville Centre, L.I., New York,</subfield>
        <subfield code='b'>Belwin, Inc.,</subfield>
        <subfield code='c'>c1953.</subfield>
      </datafield>
      <datafield ind1=' ' ind2=' ' tag='300'>
        <subfield code='a'>7 p.</subfield>
        <subfield code='c'>31 cm.</subfield>
      </datafield>
      <datafield ind1=' ' ind2='7' tag='655'>
        <subfield code='a'>Piano music.</subfield>
        <subfield code='2'>lcgft</subfield>
      </datafield>
      <datafield ind1='1' ind2=' ' tag='700'>
        <subfield code='a'>Podolsky, Leo,</subfield>
        <subfield code='d'>1891-1987.</subfield>
        <subfield code='4'>edt</subfield>
      </datafield>
      <datafield ind1=' ' ind2=' ' tag='907'>
        <subfield code='a'>b6848194</subfield>
      </datafield>
      <datafield ind1='9' ind2='1' tag='999'>
        <subfield code='i'>i9210156</subfield>
        <subfield code='l'>mmda</subfield>
        <subfield code='s'>-</subfield>
        <subfield code='t'>45</subfield>
        <subfield code='c'>1</subfield>
        <subfield code='o'>0</subfield>
        <subfield code='b'>00041933140</subfield>
        <subfield code='p'>090</subfield>
        <subfield code='q'>|aM25.P678|bW48 1953</subfield>
      </datafield>
  </record>