
  <record>
    <leader>00000cam a2200493Ii 4500</leader>
      <controlfield tag='008'>130708t20132013enka     b    100 0 eng d</controlfield>
      <controlfield tag='001'>857525155</controlfield>
      <controlfield tag='003'>OCoLC</controlfield>
      <controlfield tag='005'>20140730022251.0</controlfield>
      <datafield ind1=' ' ind2=' ' tag='015'>
        <subfield code='a'>GBB377302</subfield>
        <subfield code='2'>bnb</subfield>
      </datafield>
      <datafield ind1='7' ind2=' ' tag='016'>
        <subfield code='a'>016483470</subfield>
        <subfield code='2'>Uk</subfield>
      </datafield>
      <datafield ind1=' ' ind2=' ' tag='019'>
        <subfield code='a'>828485396</subfield>
        <subfield code='a'>828495603</subfield>
      </datafield>
      <datafield ind1=' ' ind2=' ' tag='020'>
        <subfield code='a'>9781908966254 (paperback)</subfield>
      </datafield>
      <datafield ind1=' ' ind2=' ' tag='020'>
        <subfield code='a'>1908966254 (paperback)</subfield>
      </datafield>
      <datafield ind1=' ' ind2=' ' tag='035'>
        <subfield code='a'>(OCoLC)857525155</subfield>
        <subfield code='z'>(OCoLC)828485396</subfield>
        <subfield code='z'>(OCoLC)828495603</subfield>
      </datafield>
      <datafield ind1=' ' ind2=' ' tag='040'>
        <subfield code='a'>UKMGB</subfield>
        <subfield code='b'>eng</subfield>
        <subfield code='e'>rda</subfield>
        <subfield code='c'>UKMGB</subfield>
        <subfield code='d'>OCLCO</subfield>
        <subfield code='d'>YDXCP</subfield>
        <subfield code='d'>YOU</subfield>
        <subfield code='d'>ZCU</subfield>
        <subfield code='d'>CDX</subfield>
        <subfield code='d'>BTCTA</subfield>
        <subfield code='d'>BDX</subfield>
        <subfield code='d'>SINLB</subfield>
        <subfield code='d'>YNK</subfield>
        <subfield code='d'>OCLCF</subfield>
        <subfield code='d'>IUL</subfield>
        <subfield code='d'>WAU</subfield>
      </datafield>
      <datafield ind1=' ' ind2=' ' tag='049'>
        <subfield code='a'>NOCC</subfield>
      </datafield>
      <datafield ind1=' ' ind2='4' tag='050'>
        <subfield code='a'>NB198.6</subfield>
        <subfield code='b'>.W44 2013</subfield>
      </datafield>
      <datafield ind1='0' ind2='4' tag='082'>
        <subfield code='a'>730.9051</subfield>
        <subfield code='2'>23</subfield>
      </datafield>
      <datafield ind1='0' ind2='0' tag='245'>
        <subfield code='a'>Where is production? /</subfield>
        <subfield code='c'>[editors, Mary Ceruti and Ruba Katrib].</subfield>
      </datafield>
      <datafield ind1=' ' ind2='1' tag='264'>
        <subfield code='a'>London, UK :</subfield>
        <subfield code='b'>Sculpture Center :</subfield>
        <subfield code='b'>Black Dog Publishing,</subfield>
        <subfield code='c'>[2013]</subfield>
      </datafield>
      <datafield ind1=' ' ind2='4' tag='264'>
        <subfield code='c'>©2013</subfield>
      </datafield>
      <datafield ind1=' ' ind2=' ' tag='300'>
        <subfield code='a'>71 pages :</subfield>
        <subfield code='b'>color illustrations ;</subfield>
        <subfield code='c'>24 cm.</subfield>
      </datafield>
      <datafield ind1=' ' ind2=' ' tag='336'>
        <subfield code='a'>text</subfield>
        <subfield code='2'>rdacontent</subfield>
      </datafield>
      <datafield ind1=' ' ind2=' ' tag='336'>
        <subfield code='a'>still image</subfield>
        <subfield code='2'>rdacontent</subfield>
      </datafield>
      <datafield ind1=' ' ind2=' ' tag='337'>
        <subfield code='a'>unmediated</subfield>
        <subfield code='2'>rdamedia</subfield>
      </datafield>
      <datafield ind1=' ' ind2=' ' tag='338'>
        <subfield code='a'>volume</subfield>
        <subfield code='2'>rdacarrier</subfield>
      </datafield>
      <datafield ind1=' ' ind2=' ' tag='500'>
        <subfield code='a'>&quot;Where is Production? is the first of three title in the series Inquiries into Contemporary Sculpture, each of which result from focused discussions held by SculptureCenter, New York&apos;s prominent institution for contemporary sculpture discourse.&quot;--Back cover.</subfield>
      </datafield>
      <datafield ind1=' ' ind2=' ' tag='504'>
        <subfield code='a'>Includes bibliographical references.</subfield>
      </datafield>
      <datafield ind1='0' ind2=' ' tag='505'>
        <subfield code='a'>Camille Henrot -- Darren Bader -- Brian Droitcour -- Michelle Kuo -- Francesco Stocchi -- Ruba Katrib -- Ei Arakawa -- Ian Cheng -- Pablo León de la Barra -- Fred Wilson -- Miki Kaneda -- Carol Bove -- Gabi Ngcobo -- Pavel S. Pyś -- Nina Beier -- Trevor Paglen -- João Ribas -- Claire Staebler -- Karin Schneider -- Shahryar Nashat.</subfield>
      </datafield>
      <datafield ind1=' ' ind2='7' tag='648'>
        <subfield code='a'>2000 - 2099</subfield>
        <subfield code='2'>fast</subfield>
      </datafield>
      <datafield ind1=' ' ind2='0' tag='650'>
        <subfield code='a'>Sculpture, Modern</subfield>
        <subfield code='y'>21st century</subfield>
        <subfield code='v'>Congresses.</subfield>
      </datafield>
      <datafield ind1=' ' ind2='0' tag='650'>
        <subfield code='a'>Sculpture, Modern</subfield>
        <subfield code='x'>Themes, motives</subfield>
        <subfield code='v'>Congresses.</subfield>
      </datafield>
      <datafield ind1=' ' ind2='7' tag='650'>
        <subfield code='a'>Sculpture, Modern.</subfield>
        <subfield code='2'>fast</subfield>
        <subfield code='0'>(OCoLC)fst01109788</subfield>
      </datafield>
      <datafield ind1='1' ind2=' ' tag='700'>
        <subfield code='a'>Ceruti, Mary,</subfield>
        <subfield code='e'>editor.</subfield>
      </datafield>
      <datafield ind1='1' ind2=' ' tag='700'>
        <subfield code='a'>Katrib, Ruba,</subfield>
        <subfield code='e'>editor.</subfield>
      </datafield>
      <datafield ind1='2' ind2=' ' tag='710'>
        <subfield code='a'>Sculpture Center (New York, N.Y.),</subfield>
        <subfield code='e'>issuing body.</subfield>
      </datafield>
      <datafield ind1=' ' ind2='0' tag='830'>
        <subfield code='a'>Inquiries into contemporary sculpture.</subfield>
      </datafield>
      <datafield ind1=' ' ind2=' ' tag='907'>
        <subfield code='a'>b7847676</subfield>
      </datafield>
      <datafield ind1='9' ind2='1' tag='999'>
        <subfield code='i'>i10420928</subfield>
        <subfield code='l'>aada</subfield>
        <subfield code='s'>-</subfield>
        <subfield code='t'>0</subfield>
        <subfield code='c'>1</subfield>
        <subfield code='o'>0</subfield>
        <subfield code='b'>00048166928</subfield>
        <subfield code='p'>050</subfield>
        <subfield code='q'>|aNB198.6|b.W44 2013</subfield>
      </datafield>
  </record>