
  <record>
    <leader>00000cam  2200229I  4500</leader>
      <controlfield tag='008'>750108s1909    xx            000 0 eng u</controlfield>
      <controlfield tag='001'>1134537</controlfield>
      <controlfield tag='005'>19930910083200.0</controlfield>
      <datafield ind1=' ' ind2=' ' tag='010'>
        <subfield code='a'>09022923 //r57</subfield>
      </datafield>
      <datafield ind1=' ' ind2=' ' tag='019'>
        <subfield code='a'>5427603</subfield>
      </datafield>
      <datafield ind1=' ' ind2=' ' tag='040'>
        <subfield code='c'>RSC</subfield>
        <subfield code='d'>OCL</subfield>
        <subfield code='d'>CLE</subfield>
      </datafield>
      <datafield ind1='0' ind2=' ' tag='100'>
        <subfield code='a'>Potamian,</subfield>
        <subfield code='c'>Brother,</subfield>
        <subfield code='d'>1837-1917.</subfield>
      </datafield>
      <datafield ind1='1' ind2='0' tag='245'>
        <subfield code='a'>Makers of electricity,</subfield>
        <subfield code='c'>by Brother Potamian and James J. Walsh</subfield>
      </datafield>
      <datafield ind1=' ' ind2=' ' tag='260'>
        <subfield code='a'>New York,</subfield>
        <subfield code='b'>Fordham University Press,</subfield>
        <subfield code='c'>1909.</subfield>
      </datafield>
      <datafield ind1=' ' ind2=' ' tag='300'>
        <subfield code='a'>404 p.</subfield>
        <subfield code='b'>illus.</subfield>
        <subfield code='c'>25 cm.</subfield>
      </datafield>
      <datafield ind1='0' ind2=' ' tag='505'>
        <subfield code='a'>Peregrinus and Columbus.--Norman and Gilbert.--Franklin and some contemporaries.--Galvani, discoverer of animal electricity.--Volta, the founder of electrical science.--Coulomb.--Hans Christian Oersted.--André Marie Ampère.--Ohm, the founder of mathematical electricity.--Faraday.--Clerk Maxwell.--Lord Kelvin.</subfield>
      </datafield>
      <datafield ind1=' ' ind2='0' tag='650'>
        <subfield code='a'>Electricity</subfield>
        <subfield code='v'>Biography.</subfield>
      </datafield>
      <datafield ind1='1' ind2=' ' tag='700'>
        <subfield code='a'>Walsh, James J.</subfield>
        <subfield code='q'>(James Joseph),</subfield>
        <subfield code='d'>1865-1942.</subfield>
      </datafield>
      <datafield ind1=' ' ind2=' ' tag='907'>
        <subfield code='a'>b2557030</subfield>
      </datafield>
      <datafield ind1='9' ind2='1' tag='999'>
        <subfield code='i'>i3677842</subfield>
        <subfield code='l'>trln</subfield>
        <subfield code='s'>-</subfield>
        <subfield code='t'>0</subfield>
        <subfield code='c'>1</subfield>
        <subfield code='o'>0</subfield>
        <subfield code='b'>00011881341</subfield>
        <subfield code='p'>090</subfield>
        <subfield code='q'>|aQC514 .O8</subfield>
      </datafield>
  </record>