
  <record>
    <leader>00000cam a2200373I  4500</leader>
      <controlfield tag='008'>870807s1947    cc            000 0 chir </controlfield>
      <controlfield tag='001'>16403523</controlfield>
      <controlfield tag='003'>OCoLC</controlfield>
      <controlfield tag='005'>20080108090042.0</controlfield>
      <datafield ind1=' ' ind2=' ' tag='010'>
        <subfield code='a'>c  68000760</subfield>
      </datafield>
      <datafield ind1=' ' ind2=' ' tag='040'>
        <subfield code='a'>DLC</subfield>
        <subfield code='c'>DGW</subfield>
        <subfield code='d'>DGW</subfield>
        <subfield code='d'>OCLCQ</subfield>
        <subfield code='d'>NOC</subfield>
      </datafield>
      <datafield ind1=' ' ind2=' ' tag='049'>
        <subfield code='a'>NOCE</subfield>
      </datafield>
      <datafield ind1='0' ind2=' ' tag='050'>
        <subfield code='a'>PL2740.C65</subfield>
        <subfield code='b'>W3 1947</subfield>
      </datafield>
      <datafield ind1=' ' ind2=' ' tag='066'>
        <subfield code='c'>$1</subfield>
      </datafield>
      <datafield ind1='1' ind2=' ' tag='100'>
        <subfield code='6'>880-01</subfield>
        <subfield code='a'>Zhang, Junxiang,</subfield>
        <subfield code='d'>1910-1996.</subfield>
      </datafield>
      <datafield ind1='1' ind2='0' tag='245'>
        <subfield code='6'>880-02</subfield>
        <subfield code='a'>Wan shi shi biao,</subfield>
        <subfield code='c'>Yuan Jun [Zhang Junxiang zhu].</subfield>
      </datafield>
      <datafield ind1=' ' ind2=' ' tag='260'>
        <subfield code='6'>880-03</subfield>
        <subfield code='a'>Shanghai,</subfield>
        <subfield code='b'>Wen hua sheng huo chu ban she,</subfield>
        <subfield code='c'>1947.</subfield>
      </datafield>
      <datafield ind1=' ' ind2=' ' tag='300'>
        <subfield code='a'>280 p.</subfield>
        <subfield code='c'>17 cm.</subfield>
      </datafield>
      <datafield ind1=' ' ind2=' ' tag='500'>
        <subfield code='a'>Play.</subfield>
      </datafield>
      <datafield ind1='1' ind2=' ' tag='800'>
        <subfield code='a'>Zhang, Junxiang,</subfield>
        <subfield code='d'>1910-1996.</subfield>
        <subfield code='t'>Work ;</subfield>
        <subfield code='v'>4.</subfield>
      </datafield>
      <datafield ind1=' ' ind2='0' tag='830'>
        <subfield code='6'>880-05</subfield>
        <subfield code='a'>Yuan Jun xi ju ji ;</subfield>
        <subfield code='v'>di 4 zhong.</subfield>
      </datafield>
      <datafield ind1='1' ind2=' ' tag='880'>
        <subfield code='6'>100-01/$1</subfield>
        <subfield code='a'>張駿祥,</subfield>
        <subfield code='d'>1910-1996.</subfield>
      </datafield>
      <datafield ind1='1' ind2='0' tag='880'>
        <subfield code='6'>245-02/$1</subfield>
        <subfield code='a'>萬世師表 /</subfield>
        <subfield code='c'>張駿祥著.</subfield>
      </datafield>
      <datafield ind1=' ' ind2=' ' tag='880'>
        <subfield code='6'>260-03/$1</subfield>
        <subfield code='a'>上海 :</subfield>
        <subfield code='b'>文化生活出版社,</subfield>
        <subfield code='c'>1947.</subfield>
      </datafield>
      <datafield ind1='1' ind2=' ' tag='880'>
        <subfield code='6'>490-04/$1</subfield>
        <subfield code='a'>袁俊戲劇集第四種 ;</subfield>
        <subfield code='v'>di 4 zhong</subfield>
      </datafield>
      <datafield ind1=' ' ind2='0' tag='880'>
        <subfield code='6'>830-05/$1</subfield>
        <subfield code='a'>袁俊戲劇集第四種 ;</subfield>
        <subfield code='v'>di 4 zhong.</subfield>
      </datafield>
      <datafield ind1=' ' ind2=' ' tag='907'>
        <subfield code='a'>b5331429</subfield>
      </datafield>
      <datafield ind1='9' ind2='1' tag='999'>
        <subfield code='i'>i7040551</subfield>
        <subfield code='l'>trln</subfield>
        <subfield code='s'>-</subfield>
        <subfield code='t'>0</subfield>
        <subfield code='c'>1</subfield>
        <subfield code='o'>0</subfield>
        <subfield code='b'>00035024400</subfield>
        <subfield code='p'>090</subfield>
        <subfield code='q'>|aPL2837.C78|bW3</subfield>
      </datafield>
  </record>