
  <record>
    <leader>00000cam  2200157I  4500</leader>
      <controlfield tag='008'>851113s1899    mauabf        001 0 engm </controlfield>
      <controlfield tag='001'>1838072</controlfield>
      <controlfield tag='005'>19851113000000.0</controlfield>
      <datafield ind1=' ' ind2=' ' tag='010'>
        <subfield code='a'>99005063</subfield>
      </datafield>
      <datafield ind1=' ' ind2=' ' tag='040'>
        <subfield code='a'>DLC</subfield>
        <subfield code='c'>CSU</subfield>
        <subfield code='d'>m.c.</subfield>
        <subfield code='d'>NOC</subfield>
      </datafield>
      <datafield ind1='1' ind2=' ' tag='100'>
        <subfield code='a'>Drake, Samuel Adams,</subfield>
        <subfield code='d'>1833-1905.</subfield>
      </datafield>
      <datafield ind1='1' ind2='0' tag='245'>
        <subfield code='a'>Historic mansions and highways around Boston.</subfield>
        <subfield code='b'>Being a new and rev. ed. of &quot;Old landmarks and historic fields of Middlesex.&quot;</subfield>
        <subfield code='c'>By Samuel Adams Drake.</subfield>
      </datafield>
      <datafield ind1=' ' ind2=' ' tag='260'>
        <subfield code='a'>Boston,</subfield>
        <subfield code='b'>Little, Brown, and Company,</subfield>
        <subfield code='c'>1899.</subfield>
      </datafield>
      <datafield ind1=' ' ind2=' ' tag='300'>
        <subfield code='a'>xvi, 440 p.</subfield>
        <subfield code='b'>front.,illus.,plates,fold.map.</subfield>
        <subfield code='c'>20 cm.</subfield>
      </datafield>
      <datafield ind1=' ' ind2='0' tag='650'>
        <subfield code='a'>Buildings</subfield>
        <subfield code='z'>Massachusetts</subfield>
        <subfield code='z'>Middlesex County.</subfield>
      </datafield>
      <datafield ind1=' ' ind2='0' tag='651'>
        <subfield code='a'>Middlesex County (Mass.)</subfield>
        <subfield code='x'>Description and travel.</subfield>
      </datafield>
      <datafield ind1=' ' ind2=' ' tag='907'>
        <subfield code='a'>b1333382</subfield>
      </datafield>
      <datafield ind1='9' ind2='1' tag='999'>
        <subfield code='i'>i1807722</subfield>
        <subfield code='l'>trln</subfield>
        <subfield code='s'>-</subfield>
        <subfield code='t'>0</subfield>
        <subfield code='c'>1</subfield>
        <subfield code='o'>0</subfield>
        <subfield code='b'>00001453279</subfield>
        <subfield code='p'>090</subfield>
        <subfield code='q'>|aF72.M7 D9</subfield>
      </datafield>
  </record>