
  <record>
    <leader>00000cam  2200325 a 4500</leader>
      <controlfield tag='008'>931213s1994    cauab    b    000 0 eng  </controlfield>
      <controlfield tag='001'>29564320</controlfield>
      <controlfield tag='005'>19960502153933.0</controlfield>
      <datafield ind1=' ' ind2=' ' tag='010'>
        <subfield code='a'>93048871 //r95</subfield>
      </datafield>
      <datafield ind1=' ' ind2=' ' tag='020'>
        <subfield code='a'>0833015028</subfield>
      </datafield>
      <datafield ind1=' ' ind2=' ' tag='040'>
        <subfield code='a'>DLC</subfield>
        <subfield code='c'>DLC</subfield>
        <subfield code='d'>NOC</subfield>
      </datafield>
      <datafield ind1=' ' ind2=' ' tag='043'>
        <subfield code='a'>n-us---</subfield>
      </datafield>
      <datafield ind1='0' ind2='0' tag='050'>
        <subfield code='a'>VA60</subfield>
        <subfield code='b'>.L37 1994</subfield>
      </datafield>
      <datafield ind1=' ' ind2=' ' tag='088'>
        <subfield code='a'>MR-255-PA&amp;E</subfield>
      </datafield>
      <datafield ind1='1' ind2=' ' tag='100'>
        <subfield code='a'>Larson, Eric V.</subfield>
        <subfield code='q'>(Eric Victor),</subfield>
        <subfield code='d'>1957-</subfield>
      </datafield>
      <datafield ind1='1' ind2='4' tag='245'>
        <subfield code='a'>The decisionmaking context in the U.S. Department of the Navy :</subfield>
        <subfield code='b'>a primer for cost analysts /</subfield>
        <subfield code='c'>Eric V. Larson and Adele R. Palmer.</subfield>
      </datafield>
      <datafield ind1=' ' ind2=' ' tag='260'>
        <subfield code='a'>Santa Monica, CA :</subfield>
        <subfield code='b'>Rand,</subfield>
        <subfield code='c'>1994.</subfield>
      </datafield>
      <datafield ind1=' ' ind2=' ' tag='300'>
        <subfield code='a'>xxxvii, 152 p. :</subfield>
        <subfield code='b'>ill., map ;</subfield>
        <subfield code='c'>23 cm.</subfield>
      </datafield>
      <datafield ind1=' ' ind2=' ' tag='500'>
        <subfield code='a'>&quot;Prepared for the Director, Program Analysis and Evaluation.&quot;</subfield>
      </datafield>
      <datafield ind1=' ' ind2=' ' tag='500'>
        <subfield code='a'>&quot;National Defense Research Insitute.&quot;</subfield>
      </datafield>
      <datafield ind1=' ' ind2=' ' tag='500'>
        <subfield code='a'>At head of title: Rand.</subfield>
      </datafield>
      <datafield ind1=' ' ind2=' ' tag='504'>
        <subfield code='a'>Includes bibliographical references (p. 143-149).</subfield>
      </datafield>
      <datafield ind1='1' ind2='0' tag='610'>
        <subfield code='a'>United States.</subfield>
        <subfield code='b'>Navy</subfield>
        <subfield code='x'>Appropriations and expenditures.</subfield>
      </datafield>
      <datafield ind1=' ' ind2='0' tag='650'>
        <subfield code='a'>Cost accounting.</subfield>
      </datafield>
      <datafield ind1=' ' ind2='0' tag='650'>
        <subfield code='a'>Program budgeting.</subfield>
      </datafield>
      <datafield ind1='1' ind2=' ' tag='700'>
        <subfield code='a'>Palmer, Adele R.,</subfield>
        <subfield code='d'>1947-</subfield>
      </datafield>
      <datafield ind1='1' ind2=' ' tag='710'>
        <subfield code='a'>United States.</subfield>
        <subfield code='b'>Office of the Assistant Secretary of Defense (Program Analysis and Evaluation)</subfield>
      </datafield>
      <datafield ind1='2' ind2=' ' tag='710'>
        <subfield code='a'>National Defense Research Institute (U.S.)</subfield>
      </datafield>
      <datafield ind1='2' ind2=' ' tag='710'>
        <subfield code='a'>Rand Corporation.</subfield>
      </datafield>
      <datafield ind1='0' ind2=' ' tag='740'>
        <subfield code='a'>Decision making context in the U.S. Department of the Navy.</subfield>
      </datafield>
      <datafield ind1=' ' ind2=' ' tag='907'>
        <subfield code='a'>b2823180</subfield>
      </datafield>
      <datafield ind1='9' ind2='1' tag='999'>
        <subfield code='i'>i4052144</subfield>
        <subfield code='l'>ddda</subfield>
        <subfield code='s'>-</subfield>
        <subfield code='t'>0</subfield>
        <subfield code='c'>1</subfield>
        <subfield code='o'>1</subfield>
        <subfield code='b'>00013069369</subfield>
        <subfield code='p'>090</subfield>
        <subfield code='q'>|aVA60 .L37 1994</subfield>
      </datafield>
  </record>