
  <record>
    <leader>00000cam  2200313 a 4500</leader>
      <controlfield tag='008'>080626s2008    nyuab    b    001 0 eng  </controlfield>
      <controlfield tag='001'>191922896</controlfield>
      <controlfield tag='003'>OCoLC</controlfield>
      <controlfield tag='005'>20090110080608.2</controlfield>
      <datafield ind1=' ' ind2=' ' tag='020'>
        <subfield code='a'>9780847830718 (hbk.)</subfield>
      </datafield>
      <datafield ind1=' ' ind2=' ' tag='020'>
        <subfield code='a'>0847830713 (hbk.)</subfield>
      </datafield>
      <datafield ind1=' ' ind2=' ' tag='035'>
        <subfield code='a'>(OCoLC)191922896</subfield>
      </datafield>
      <datafield ind1=' ' ind2=' ' tag='040'>
        <subfield code='a'>UKM</subfield>
        <subfield code='c'>UKM</subfield>
        <subfield code='d'>BTCTA</subfield>
        <subfield code='d'>BAKER</subfield>
        <subfield code='d'>YDXCP</subfield>
        <subfield code='d'>BWX</subfield>
        <subfield code='d'>OCLCQ</subfield>
        <subfield code='d'>SUC</subfield>
      </datafield>
      <datafield ind1=' ' ind2=' ' tag='043'>
        <subfield code='a'>n-usm--</subfield>
      </datafield>
      <datafield ind1=' ' ind2='4' tag='050'>
        <subfield code='a'>F351</subfield>
        <subfield code='b'>.H65 2008</subfield>
      </datafield>
      <datafield ind1='0' ind2='4' tag='082'>
        <subfield code='a'>977</subfield>
        <subfield code='2'>22</subfield>
      </datafield>
      <datafield ind1='1' ind2=' ' tag='100'>
        <subfield code='a'>Holland, Robert A.</subfield>
      </datafield>
      <datafield ind1='1' ind2='4' tag='245'>
        <subfield code='a'>The Mississippi River in maps &amp; views :</subfield>
        <subfield code='b'>from Lake Itasca to the Gulf of Mexico /</subfield>
        <subfield code='c'>Robert A. Holland.</subfield>
      </datafield>
      <datafield ind1='3' ind2=' ' tag='246'>
        <subfield code='a'>Mississippi River in maps and views</subfield>
      </datafield>
      <datafield ind1=' ' ind2=' ' tag='260'>
        <subfield code='a'>New York :</subfield>
        <subfield code='b'>Rizzoli :</subfield>
        <subfield code='b'>Distributed to the U.S. trade by Random House,</subfield>
        <subfield code='c'>2008.</subfield>
      </datafield>
      <datafield ind1=' ' ind2=' ' tag='300'>
        <subfield code='a'>224 p. :</subfield>
        <subfield code='b'>ill. (chiefly col.), maps (chiefly col.) ;</subfield>
        <subfield code='c'>28 cm.</subfield>
      </datafield>
      <datafield ind1=' ' ind2=' ' tag='504'>
        <subfield code='a'>Includes bibliographical references (p. 220-221) and index.</subfield>
      </datafield>
      <datafield ind1=' ' ind2='0' tag='651'>
        <subfield code='a'>Mississippi River</subfield>
        <subfield code='x'>Historical geography</subfield>
        <subfield code='v'>Maps.</subfield>
      </datafield>
      <datafield ind1=' ' ind2='0' tag='651'>
        <subfield code='a'>Mississippi River</subfield>
        <subfield code='v'>Maps.</subfield>
      </datafield>
      <datafield ind1=' ' ind2=' ' tag='907'>
        <subfield code='a'>b5874505</subfield>
      </datafield>
      <datafield ind1='9' ind2='1' tag='999'>
        <subfield code='i'>i7651537</subfield>
        <subfield code='l'>ddda</subfield>
        <subfield code='s'>-</subfield>
        <subfield code='t'>0</subfield>
        <subfield code='c'>1</subfield>
        <subfield code='o'>3</subfield>
        <subfield code='b'>00033553707</subfield>
        <subfield code='p'>050</subfield>
        <subfield code='q'>|aF351|b.H65 2008</subfield>
      </datafield>
  </record>