
  <record>
    <leader>00000nam  22002772  4500</leader>
      <controlfield tag='008'>110131s1958    dcu          f000 0 eng d</controlfield>
      <controlfield tag='001'>hsl000786839</controlfield>
      <controlfield tag='003'>DGPO</controlfield>
      <controlfield tag='005'>20110131135849.0</controlfield>
      <datafield ind1=' ' ind2=' ' tag='040'>
        <subfield code='a'>GPO</subfield>
        <subfield code='c'>GPO</subfield>
      </datafield>
      <datafield ind1='0' ind2=' ' tag='086'>
        <subfield code='a'>D 301.45/2:60</subfield>
      </datafield>
      <datafield ind1='0' ind2='0' tag='245'>
        <subfield code='a'>Observations on heavy primary cosmic ray nuclei above atmosphere [with list of references /</subfield>
        <subfield code='c'>by] Herman Yagoda.</subfield>
      </datafield>
      <datafield ind1=' ' ind2=' ' tag='260'>
        <subfield code='a'>[Washington, D.C.,</subfield>
        <subfield code='c'>1958].</subfield>
      </datafield>
      <datafield ind1=' ' ind2=' ' tag='300'>
        <subfield code='a'>ix, 33, [8] p. :</subfield>
        <subfield code='b'>ill.</subfield>
      </datafield>
      <datafield ind1=' ' ind2=' ' tag='500'>
        <subfield code='a'>Geophysics Research Directorate ...</subfield>
      </datafield>
      <datafield ind1=' ' ind2=' ' tag='500'>
        <subfield code='a'>AFCRC-TR-58-241, ASTIA document AD 152585, Ionospheric Physics Laboratory.</subfield>
      </datafield>
      <datafield ind1=' ' ind2=' ' tag='500'>
        <subfield code='a'>July 1958.</subfield>
      </datafield>
      <datafield ind1=' ' ind2=' ' tag='500'>
        <subfield code='a'>For sale by Office of Technical Services, Commerce Department (price upon application).</subfield>
      </datafield>
      <datafield ind1=' ' ind2=' ' tag='500'>
        <subfield code='a'>4to.</subfield>
      </datafield>
      <datafield ind1=' ' ind2=' ' tag='500'>
        <subfield code='a'>CRDP Project Historic Shelflist record.</subfield>
      </datafield>
      <datafield ind1='1' ind2=' ' tag='710'>
        <subfield code='a'>United States.</subfield>
        <subfield code='b'>Department of the Air Force.</subfield>
      </datafield>
      <datafield ind1='2' ind2=' ' tag='810'>
        <subfield code='a'>Air Force Cambridge Research Laboratories (U.S.).</subfield>
        <subfield code='b'>Geophysics Research Directorate.</subfield>
        <subfield code='t'>Geophysical research papers ;</subfield>
        <subfield code='v'>no. 60.</subfield>
      </datafield>
      <datafield ind1=' ' ind2=' ' tag='907'>
        <subfield code='a'>b6967135</subfield>
      </datafield>
      <datafield ind1='9' ind2='1' tag='999'>
        <subfield code='i'>i9353627</subfield>
        <subfield code='l'>dcpf</subfield>
        <subfield code='s'>-</subfield>
        <subfield code='t'>20</subfield>
        <subfield code='c'>1</subfield>
        <subfield code='o'>0</subfield>
        <subfield code='p'>086</subfield>
        <subfield code='q'>|aD 301.45/2:60</subfield>
        <subfield code='n'>Need Help? Ask at Davis RefDesk</subfield>
      </datafield>
  </record>