
  <record>
    <leader>00000nam a2200325Ia 4500</leader>
      <controlfield tag='006'>m     o  d</controlfield>
      <controlfield tag='008'>040624s2004    sp      o     000 1 spa  </controlfield>
      <controlfield tag='007'>cr |n||||||||a</controlfield>
      <controlfield tag='001'>DIG0000052</controlfield>
      <datafield ind1=' ' ind2=' ' tag='020'>
        <subfield code='z'>8495839725 (pbk.)</subfield>
      </datafield>
      <datafield ind1=' ' ind2=' ' tag='020'>
        <subfield code='z'>9788495839725 (pbk.)</subfield>
      </datafield>
      <datafield ind1='0' ind2='4' tag='050'>
        <subfield code='a'>PQ6712.A77</subfield>
      </datafield>
      <datafield ind1='1' ind2=' ' tag='100'>
        <subfield code='a'>Larraguibel, Claudia,</subfield>
        <subfield code='d'>1968-</subfield>
      </datafield>
      <datafield ind1='1' ind2='0' tag='245'>
        <subfield code='a'>Réir como ellos</subfield>
        <subfield code='h'>[electronic resource] /</subfield>
        <subfield code='c'>Claudia Larraguibel.</subfield>
      </datafield>
      <datafield ind1=' ' ind2=' ' tag='250'>
        <subfield code='a'>1. ed. en Colección Furtivos.</subfield>
      </datafield>
      <datafield ind1=' ' ind2=' ' tag='260'>
        <subfield code='a'>Madrid :</subfield>
        <subfield code='b'>Ocho y Medio, Libros de Cine,</subfield>
        <subfield code='c'>2004.</subfield>
      </datafield>
      <datafield ind1=' ' ind2=' ' tag='300'>
        <subfield code='a'>1 online resource (255p.)</subfield>
      </datafield>
      <datafield ind1='1' ind2=' ' tag='506'>
        <subfield code='a'>Access limited to UNC Chapel Hill-authenticated users.</subfield>
        <subfield code='f'>Unlimited simultaneous users</subfield>
      </datafield>
      <datafield ind1='0' ind2=' ' tag='773'>
        <subfield code='t'>Digitalia cinema studies collection (online collection)</subfield>
      </datafield>
      <datafield ind1=' ' ind2='0' tag='830'>
        <subfield code='a'>Colección Furtivos.</subfield>
      </datafield>
      <datafield ind1='4' ind2='0' tag='856'>
        <subfield code='u'>http://libproxy.lib.unc.edu/login?url=http://www.digitaliapublishing.com/a/411</subfield>
        <subfield code='x'>Digitalia Cinema Studies</subfield>
        <subfield code='y'>Full text available via the UNC-Chapel Hill Libraries</subfield>
      </datafield>
      <datafield ind1=' ' ind2=' ' tag='907'>
        <subfield code='a'>b7458985</subfield>
      </datafield>
  </record>