
  <record>
    <leader>00000cam  2200289I  4500</leader>
      <controlfield tag='008'>751020s1958    ctub     b    000 0 eng c</controlfield>
      <controlfield tag='001'>1719615</controlfield>
      <controlfield tag='005'>19931009162730.0</controlfield>
      <datafield ind1=' ' ind2=' ' tag='010'>
        <subfield code='a'>gs 58000231</subfield>
      </datafield>
      <datafield ind1=' ' ind2=' ' tag='040'>
        <subfield code='a'>U.S.Geol.Survey. Libr.</subfield>
        <subfield code='c'>TYC</subfield>
        <subfield code='d'>m.c.</subfield>
        <subfield code='d'>OCL</subfield>
      </datafield>
      <datafield ind1='0' ind2=' ' tag='050'>
        <subfield code='a'>QE445</subfield>
        <subfield code='b'>.P4</subfield>
      </datafield>
      <datafield ind1=' ' ind2=' ' tag='082'>
        <subfield code='a'>552.4</subfield>
      </datafield>
      <datafield ind1='1' ind2=' ' tag='100'>
        <subfield code='a'>Perhac, Ralph M.</subfield>
        <subfield code='q'>(Ralph Matthew),</subfield>
        <subfield code='d'>1928-</subfield>
      </datafield>
      <datafield ind1='1' ind2='0' tag='245'>
        <subfield code='a'>Petrogenesis of the Voluntown and Oneco quadrangles.</subfield>
      </datafield>
      <datafield ind1=' ' ind2=' ' tag='260'>
        <subfield code='a'>Storrs,</subfield>
        <subfield code='c'>1958.</subfield>
      </datafield>
      <datafield ind1=' ' ind2=' ' tag='300'>
        <subfield code='a'>iii, 32 p.</subfield>
        <subfield code='b'>maps (part fold. in pocket) tables.</subfield>
        <subfield code='c'>23 cm.</subfield>
      </datafield>
      <datafield ind1=' ' ind2=' ' tag='504'>
        <subfield code='a'>Incluces bibliographical references.</subfield>
      </datafield>
      <datafield ind1=' ' ind2='0' tag='650'>
        <subfield code='a'>Petrology</subfield>
        <subfield code='z'>Connecticut</subfield>
        <subfield code='z'>Voluntown Quadrangle.</subfield>
      </datafield>
      <datafield ind1=' ' ind2='0' tag='650'>
        <subfield code='a'>Petrology</subfield>
        <subfield code='z'>Connecticut</subfield>
        <subfield code='z'>Oneco Quadrangle.</subfield>
      </datafield>
      <datafield ind1='0' ind2=' ' tag='740'>
        <subfield code='a'>Voluntown quadrangle, Conn.</subfield>
      </datafield>
      <datafield ind1='0' ind2=' ' tag='740'>
        <subfield code='a'>Oneco quadrangle, Conn.</subfield>
      </datafield>
      <datafield ind1=' ' ind2='0' tag='830'>
        <subfield code='a'>Bulletin (State Geological and Natural History Survey of Connecticut) ;</subfield>
        <subfield code='v'>89.</subfield>
      </datafield>
      <datafield ind1=' ' ind2=' ' tag='907'>
        <subfield code='a'>b2565950</subfield>
      </datafield>
      <datafield ind1='9' ind2='1' tag='999'>
        <subfield code='i'>i3691244</subfield>
        <subfield code='l'>trln</subfield>
        <subfield code='s'>-</subfield>
        <subfield code='t'>0</subfield>
        <subfield code='c'>1</subfield>
        <subfield code='o'>1</subfield>
        <subfield code='b'>00009755945</subfield>
        <subfield code='p'>090</subfield>
        <subfield code='q'>|aQE445 .P4</subfield>
      </datafield>
  </record>