
  <record>
    <leader>00000nam  2200000 a 4500</leader>
      <datafield ind1=' ' ind2=' ' tag='100'>
        <subfield code='a'>Heinlein, Robert A</subfield>
      </datafield>
      <datafield ind1=' ' ind2=' ' tag='245'>
        <subfield code='a'>Green hills of earth</subfield>
      </datafield>
      <datafield ind1=' ' ind2=' ' tag='260'>
        <subfield code='a'>NY: Signet, 1952</subfield>
      </datafield>
      <datafield ind1=' ' ind2=' ' tag='440'>
        <subfield code='a'>Signet 943</subfield>
      </datafield>
      <datafield ind1=' ' ind2=' ' tag='907'>
        <subfield code='a'>b4594394</subfield>
      </datafield>
      <datafield ind1='9' ind2='4' tag='999'>
        <subfield code='a'>o1033192</subfield>
        <subfield code='b'>-</subfield>
        <subfield code='c'>1</subfield>
        <subfield code='d'>2002-06-17</subfield>
        <subfield code='e'></subfield>
        <subfield code='f'>wc</subfield>
        <subfield code='g'>a</subfield>
      </datafield>
  </record>