
  <record>
    <leader>00000cam a2200337Ia 4500</leader>
      <controlfield tag='008'>110629s2011    uy f     b    000 0 spa d</controlfield>
      <controlfield tag='001'>733547104</controlfield>
      <controlfield tag='003'>OCoLC</controlfield>
      <controlfield tag='005'>20111221014521.0</controlfield>
      <datafield ind1='7' ind2=' ' tag='016'>
        <subfield code='a'>015810441</subfield>
        <subfield code='2'>Uk</subfield>
      </datafield>
      <datafield ind1=' ' ind2=' ' tag='020'>
        <subfield code='a'>9789974495050</subfield>
      </datafield>
      <datafield ind1=' ' ind2=' ' tag='020'>
        <subfield code='a'>9974495059</subfield>
      </datafield>
      <datafield ind1=' ' ind2=' ' tag='035'>
        <subfield code='a'>(OCoLC)733547104</subfield>
      </datafield>
      <datafield ind1=' ' ind2=' ' tag='040'>
        <subfield code='a'>IND</subfield>
        <subfield code='c'>IND</subfield>
        <subfield code='d'>UKMGB</subfield>
        <subfield code='d'>ZCU</subfield>
        <subfield code='d'>NOC</subfield>
      </datafield>
      <datafield ind1=' ' ind2=' ' tag='043'>
        <subfield code='a'>s-uy---</subfield>
      </datafield>
      <datafield ind1=' ' ind2=' ' tag='049'>
        <subfield code='a'>NOCC</subfield>
      </datafield>
      <datafield ind1='1' ind2=' ' tag='100'>
        <subfield code='a'>Beretta García, Ernesto.</subfield>
      </datafield>
      <datafield ind1='1' ind2='0' tag='245'>
        <subfield code='a'>Mucho más que buena letra :</subfield>
        <subfield code='b'>el arte caligráfico en Montevideo durante el siglo XIX /</subfield>
        <subfield code='c'>Ernesto Beretta García.</subfield>
      </datafield>
      <datafield ind1=' ' ind2=' ' tag='250'>
        <subfield code='a'>1. ed.</subfield>
      </datafield>
      <datafield ind1=' ' ind2=' ' tag='260'>
        <subfield code='a'>[Montevideo, Uruguay] :</subfield>
        <subfield code='b'>Editorial Fin de Siglo :</subfield>
        <subfield code='b'>Universidad de la República,</subfield>
        <subfield code='c'>2011.</subfield>
      </datafield>
      <datafield ind1=' ' ind2=' ' tag='300'>
        <subfield code='a'>148 p., [16] p. of plates :</subfield>
        <subfield code='b'>plates ;</subfield>
        <subfield code='c'>22 cm.</subfield>
      </datafield>
      <datafield ind1=' ' ind2=' ' tag='504'>
        <subfield code='a'>Includes bibliographical references (p. 145-148).</subfield>
      </datafield>
      <datafield ind1=' ' ind2='0' tag='650'>
        <subfield code='a'>Calligraphy</subfield>
        <subfield code='z'>Uruguay</subfield>
        <subfield code='z'>Montevideo</subfield>
        <subfield code='x'>History</subfield>
        <subfield code='y'>19th century.</subfield>
      </datafield>
      <datafield ind1=' ' ind2=' ' tag='907'>
        <subfield code='a'>b6863082</subfield>
      </datafield>
      <datafield ind1='9' ind2='1' tag='999'>
        <subfield code='i'>i9411063</subfield>
        <subfield code='l'>ddda</subfield>
        <subfield code='s'>-</subfield>
        <subfield code='t'>0</subfield>
        <subfield code='c'>1</subfield>
        <subfield code='o'>0</subfield>
        <subfield code='b'>00043120354</subfield>
        <subfield code='p'>090</subfield>
        <subfield code='q'>|aNK3630.6.U8|bB47 2011</subfield>
      </datafield>
  </record>