
  <record>
    <leader>00000nam a2200373 i 4500</leader>
      <controlfield tag='006'>m     o  d</controlfield>
      <controlfield tag='007'>cr  n</controlfield>
      <controlfield tag='008'>140301s2000    nyu|||||o|||||1|||||eng d</controlfield>
      <controlfield tag='001'>sse0001137833</controlfield>
      <controlfield tag='003'>WaSeSS</controlfield>
      <controlfield tag='005'>20140407180241.0</controlfield>
      <datafield ind1=' ' ind2=' ' tag='020'>
        <subfield code='a'>9781581131949 (print)</subfield>
      </datafield>
      <datafield ind1=' ' ind2=' ' tag='040'>
        <subfield code='a'>WaSeSS</subfield>
        <subfield code='b'>eng</subfield>
        <subfield code='c'>WaSeSS</subfield>
        <subfield code='d'>WaSeSS</subfield>
      </datafield>
      <datafield ind1='1' ind2='4' tag='050'>
        <subfield code='a'>QA76.9.E94</subfield>
      </datafield>
      <datafield ind1='2' ind2=' ' tag='111'>
        <subfield code='a'>International Conference on Measurement and Modeling of Computer Systems</subfield>
        <subfield code='d'>(2000 :</subfield>
        <subfield code='c'>Santa Clara, Calif.)</subfield>
      </datafield>
      <datafield ind1='1' ind2='0' tag='245'>
        <subfield code='a'>Proceedings of the 2000 ACM SIGMETRICS International Conference on Measurement and Modeling of Computer Systems</subfield>
        <subfield code='h'>[electronic resource] /</subfield>
        <subfield code='c'>chairmen Alexandre Brandwajn, Jim Kurose, Phillippe Nain ; sponsor ACM Special Interest Group on Measurement and Evaluation.</subfield>
      </datafield>
      <datafield ind1='1' ind2=' ' tag='246'>
        <subfield code='a'>ACM SIGMETRICS 2000 The International Conference on Measurement and Modeling of Computer Systems, Santa Clara, CA, USA - June 18 - 21, 2000</subfield>
      </datafield>
      <datafield ind1='1' ind2=' ' tag='246'>
        <subfield code='a'>Proceedings of the 2000 Association for Computing Machinery Special Interest Group on Measurement and Evaluation International Conference on Measurement and Modeling of Computer Systems</subfield>
      </datafield>
      <datafield ind1=' ' ind2=' ' tag='260'>
        <subfield code='a'>New York :</subfield>
        <subfield code='b'>ACM,</subfield>
        <subfield code='c'>2000.</subfield>
      </datafield>
      <datafield ind1=' ' ind2=' ' tag='300'>
        <subfield code='a'>1 online resource (1 online resource (329 pages))</subfield>
      </datafield>
      <datafield ind1='1' ind2=' ' tag='506'>
        <subfield code='a'>Access limited to UNC Chapel Hill-authenticated users.</subfield>
        <subfield code='f'>Unlimited simultaneous users</subfield>
      </datafield>
      <datafield ind1=' ' ind2=' ' tag='588'>
        <subfield code='a'>Description based on: online resource; title from title screen (ACM Digital Library, viewed Mar. 1, 2014).</subfield>
      </datafield>
      <datafield ind1=' ' ind2='0' tag='650'>
        <subfield code='a'>Computer networks</subfield>
        <subfield code='x'>Evaluation</subfield>
        <subfield code='v'>Congresses.</subfield>
      </datafield>
      <datafield ind1=' ' ind2='0' tag='650'>
        <subfield code='a'>Electronic digital computers</subfield>
        <subfield code='x'>Evaluation</subfield>
        <subfield code='v'>Congresses.</subfield>
      </datafield>
      <datafield ind1='1' ind2=' ' tag='700'>
        <subfield code='a'>Brandwajn, Alexandre.</subfield>
      </datafield>
      <datafield ind1='1' ind2=' ' tag='700'>
        <subfield code='a'>Kurose, Jim.</subfield>
      </datafield>
      <datafield ind1='1' ind2=' ' tag='700'>
        <subfield code='a'>Nain, Phillippe.</subfield>
      </datafield>
      <datafield ind1='2' ind2=' ' tag='710'>
        <subfield code='a'>ACM-Sigmetrics.</subfield>
      </datafield>
      <datafield ind1='0' ind2=' ' tag='773'>
        <subfield code='t'>ACM digital library ebooks (online collection). Subscribed</subfield>
      </datafield>
      <datafield ind1='0' ind2='8' tag='776'>
        <subfield code='i'>Print version:</subfield>
        <subfield code='a'>International Conference on Measurement and Modeling of Computer Systems (2000 : Santa Clara, Calif.)</subfield>
        <subfield code='t'>Proceedings of the 2000 ACM SIGMETRICS International Conference on Measurement and Modeling of Computer Systems.</subfield>
        <subfield code='d'>New York : ACM, 2000</subfield>
        <subfield code='z'>9781581131949</subfield>
      </datafield>
      <datafield ind1='4' ind2='0' tag='856'>
        <subfield code='y'>Full text available via the UNC-Chapel Hill Libraries</subfield>
        <subfield code='u'>http://VB3LK7EB4T.search.serialssolutions.com/?V=1.0&amp;L=VB3LK7EB4T&amp;S=JCs&amp;C=TC0001137833&amp;T=marc</subfield>
        <subfield code='x'>ACM Digital Library</subfield>
      </datafield>
      <datafield ind1=' ' ind2='1' tag='907'>
        <subfield code='a'>b7795021</subfield>
      </datafield>
  </record>