
  <record>
    <leader>00000cjm a2200397Ia 4500</leader>
      <controlfield tag='008'>821203s1953    nyu  n              zxx  </controlfield>
      <controlfield tag='007'>sd bumennmpuu-</controlfield>
      <controlfield tag='001'>9013741</controlfield>
      <controlfield tag='003'>OCoLC</controlfield>
      <controlfield tag='005'>20060612144334.0</controlfield>
      <datafield ind1=' ' ind2=' ' tag='010'>
        <subfield code='a'>r  53000222</subfield>
      </datafield>
      <datafield ind1='0' ind2='1' tag='028'>
        <subfield code='a'>ML 4640</subfield>
        <subfield code='b'>Columbia</subfield>
      </datafield>
      <datafield ind1=' ' ind2=' ' tag='040'>
        <subfield code='a'>DLC</subfield>
        <subfield code='c'>ICY</subfield>
        <subfield code='d'>ICY</subfield>
        <subfield code='d'>IXA</subfield>
        <subfield code='d'>OCLCQ</subfield>
        <subfield code='d'>NOC</subfield>
      </datafield>
      <datafield ind1=' ' ind2=' ' tag='049'>
        <subfield code='a'>NOCC</subfield>
      </datafield>
      <datafield ind1=' ' ind2='4' tag='050'>
        <subfield code='a'>M230.B44</subfield>
        <subfield code='b'>T83 1953</subfield>
      </datafield>
      <datafield ind1='1' ind2=' ' tag='100'>
        <subfield code='a'>Beethoven, Ludwig van,</subfield>
        <subfield code='d'>1770-1827.</subfield>
      </datafield>
      <datafield ind1='1' ind2='0' tag='240'>
        <subfield code='a'>Variations sur un thème de Händel</subfield>
      </datafield>
      <datafield ind1='1' ind2='0' tag='245'>
        <subfield code='a'>Twelve variations in G major on a theme from Handel&apos;s &quot;Judas Maccabeus&quot; for violoncello and piano</subfield>
        <subfield code='h'>[sound recording] /</subfield>
        <subfield code='c'>Beethoven.</subfield>
      </datafield>
      <datafield ind1='3' ind2=' ' tag='246'>
        <subfield code='a'>Variations on a theme from Handel&apos;s Judas Maccabeus</subfield>
      </datafield>
      <datafield ind1=' ' ind2=' ' tag='260'>
        <subfield code='a'>[New York] :</subfield>
        <subfield code='b'>Columbia,</subfield>
        <subfield code='c'>[1953]</subfield>
      </datafield>
      <datafield ind1=' ' ind2=' ' tag='300'>
        <subfield code='a'>On side 1 of 1 sound disc :</subfield>
        <subfield code='b'>33 1/3 rpm, microgroove ;</subfield>
        <subfield code='c'>12 in.</subfield>
      </datafield>
      <datafield ind1=' ' ind2=' ' tag='500'>
        <subfield code='a'>Program notes on slipcase.</subfield>
      </datafield>
      <datafield ind1=' ' ind2=' ' tag='501'>
        <subfield code='a'>With: Matthäupassion. Erbarme dich, mein Gott / Bach -- Idomeneo. Zeffiretti lusinghieri / Mozart -- Non temer, amato bene / Mozart.</subfield>
      </datafield>
      <datafield ind1=' ' ind2=' ' tag='511'>
        <subfield code='a'>Pablo Casals, violoncello ; Rudolf Serkin, piano.</subfield>
      </datafield>
      <datafield ind1=' ' ind2='0' tag='650'>
        <subfield code='a'>Variations (Cello and piano)</subfield>
      </datafield>
      <datafield ind1='1' ind2=' ' tag='700'>
        <subfield code='a'>Casals, Pablo,</subfield>
        <subfield code='d'>1876-1973.</subfield>
        <subfield code='4'>prf</subfield>
      </datafield>
      <datafield ind1='1' ind2=' ' tag='700'>
        <subfield code='a'>Serkin, Rudolf,</subfield>
        <subfield code='d'>1903-1991.</subfield>
      </datafield>
      <datafield ind1=' ' ind2='0' tag='830'>
        <subfield code='a'>Masterworks.</subfield>
      </datafield>
      <datafield ind1=' ' ind2='0' tag='830'>
        <subfield code='a'>Casals Festival at Perpignan.</subfield>
      </datafield>
      <datafield ind1=' ' ind2=' ' tag='907'>
        <subfield code='a'>b4875178</subfield>
      </datafield>
      <datafield ind1='9' ind2='1' tag='999'>
        <subfield code='i'>i6434036</subfield>
        <subfield code='l'>mmdd</subfield>
        <subfield code='s'>-</subfield>
        <subfield code='t'>50</subfield>
        <subfield code='c'>1</subfield>
        <subfield code='o'>0</subfield>
        <subfield code='p'>099</subfield>
        <subfield code='q'>|a803 LP</subfield>
      </datafield>
  </record>