
  <record>
    <leader>00000cam a22002891a 4500</leader>
      <controlfield tag='008'>900925s1968    mdua     b    100 0 eng  </controlfield>
      <controlfield tag='001'>433574</controlfield>
      <controlfield tag='005'>19900925000000.0</controlfield>
      <datafield ind1=' ' ind2=' ' tag='010'>
        <subfield code='a'>68005621</subfield>
      </datafield>
      <datafield ind1=' ' ind2=' ' tag='040'>
        <subfield code='a'>DLC</subfield>
        <subfield code='c'>DLC</subfield>
        <subfield code='d'>OKO</subfield>
        <subfield code='d'>m.c.</subfield>
        <subfield code='d'>NOH</subfield>
      </datafield>
      <datafield ind1='1' ind2=' ' tag='050'>
        <subfield code='a'>R111</subfield>
      </datafield>
      <datafield ind1=' ' ind2=' ' tag='082'>
        <subfield code='a'>616</subfield>
      </datafield>
      <datafield ind1='2' ind2=' ' tag='111'>
        <subfield code='a'>Symposium on Advanced Medicine</subfield>
        <subfield code='n'>(3rd :</subfield>
        <subfield code='d'>1967 :</subfield>
        <subfield code='c'>London, England)</subfield>
      </datafield>
      <datafield ind1='1' ind2='0' tag='245'>
        <subfield code='a'>Third Symposium on Advanced Medicine :</subfield>
        <subfield code='b'>proceedings of a conference, held at the Royal College of Physicians of London, 13th February-17th February, 1967 /</subfield>
        <subfield code='c'>edited by A.M. Dawson.</subfield>
      </datafield>
      <datafield ind1=' ' ind2=' ' tag='260'>
        <subfield code='a'>Baltimore :</subfield>
        <subfield code='b'>Williams and Wilkins Co.,</subfield>
        <subfield code='c'>1968.</subfield>
      </datafield>
      <datafield ind1=' ' ind2=' ' tag='300'>
        <subfield code='a'>442 p. :</subfield>
        <subfield code='b'>ill. ;</subfield>
        <subfield code='c'>23 cm.</subfield>
      </datafield>
      <datafield ind1=' ' ind2=' ' tag='504'>
        <subfield code='a'>Includes bibliographical references.</subfield>
      </datafield>
      <datafield ind1=' ' ind2='0' tag='650'>
        <subfield code='a'>Medicine.</subfield>
      </datafield>
      <datafield ind1=' ' ind2='2' tag='650'>
        <subfield code='a'>Medicine.</subfield>
      </datafield>
      <datafield ind1=' ' ind2='2' tag='655'>
        <subfield code='a'>Congresses.</subfield>
      </datafield>
      <datafield ind1='1' ind2=' ' tag='700'>
        <subfield code='a'>Dawson, Anthony Michael.</subfield>
      </datafield>
      <datafield ind1='2' ind2=' ' tag='710'>
        <subfield code='a'>Royal College of Physicians of London.</subfield>
      </datafield>
      <datafield ind1=' ' ind2=' ' tag='907'>
        <subfield code='a'>b1114863</subfield>
      </datafield>
      <datafield ind1='9' ind2='1' tag='999'>
        <subfield code='i'>i1207749</subfield>
        <subfield code='l'>nohh</subfield>
        <subfield code='s'>-</subfield>
        <subfield code='t'>0</subfield>
        <subfield code='c'>1</subfield>
        <subfield code='o'>0</subfield>
        <subfield code='b'>H00004993P</subfield>
        <subfield code='p'>096</subfield>
        <subfield code='q'>|aWB 5|bS989 1967</subfield>
      </datafield>
  </record>