
  <record>
    <leader>00000cam a2200397Ia 4500</leader>
      <controlfield tag='008'>930217s1989    mdua    bbt  f000 0 eng d</controlfield>
      <controlfield tag='007'>he bmb024bbca</controlfield>
      <controlfield tag='001'>27454551</controlfield>
      <controlfield tag='003'>OCoLC</controlfield>
      <controlfield tag='005'>20110809110630.0</controlfield>
      <datafield ind1=' ' ind2=' ' tag='035'>
        <subfield code='a'>(OCoLC)27454551</subfield>
      </datafield>
      <datafield ind1=' ' ind2=' ' tag='040'>
        <subfield code='a'>AJB</subfield>
        <subfield code='c'>AJB</subfield>
        <subfield code='d'>GPO</subfield>
        <subfield code='d'>OCL</subfield>
        <subfield code='d'>OCLCQ</subfield>
        <subfield code='d'>MTG</subfield>
        <subfield code='d'>SYB</subfield>
        <subfield code='d'>GPO</subfield>
        <subfield code='d'>MvI</subfield>
      </datafield>
      <datafield ind1=' ' ind2=' ' tag='043'>
        <subfield code='a'>n-us---</subfield>
      </datafield>
      <datafield ind1='1' ind2='4' tag='050'>
        <subfield code='a'>QC100</subfield>
        <subfield code='b'>.U57 no.250-34</subfield>
      </datafield>
      <datafield ind1=' ' ind2=' ' tag='074'>
        <subfield code='a'>0247 (MF)</subfield>
      </datafield>
      <datafield ind1='0' ind2=' ' tag='086'>
        <subfield code='a'>C 13.10:250-34</subfield>
      </datafield>
      <datafield ind1='1' ind2=' ' tag='100'>
        <subfield code='a'>Dittmann, Sharrill.</subfield>
      </datafield>
      <datafield ind1='1' ind2='0' tag='245'>
        <subfield code='a'>High vacuum standard and its use</subfield>
        <subfield code='h'>[microform] /</subfield>
        <subfield code='c'>Sharrill Dittmann.</subfield>
      </datafield>
      <datafield ind1=' ' ind2=' ' tag='260'>
        <subfield code='a'>Gaithersburg, MD :</subfield>
        <subfield code='b'>U.S. Dept. of Commerce, National Institute of Standards and Technology,</subfield>
        <subfield code='c'>1989.</subfield>
      </datafield>
      <datafield ind1=' ' ind2=' ' tag='300'>
        <subfield code='a'>67 p. in various pagings :</subfield>
        <subfield code='b'>ill. ;</subfield>
        <subfield code='c'>28 cm.</subfield>
      </datafield>
      <datafield ind1=' ' ind2=' ' tag='500'>
        <subfield code='a'>Distributed to depository libraries in microfiche.</subfield>
      </datafield>
      <datafield ind1=' ' ind2=' ' tag='500'>
        <subfield code='a'>Shipping list no.: 92-1500-M.</subfield>
      </datafield>
      <datafield ind1=' ' ind2=' ' tag='500'>
        <subfield code='a'>Paper version no longer for sale by the Supt. of Docs.</subfield>
      </datafield>
      <datafield ind1=' ' ind2=' ' tag='500'>
        <subfield code='a'>&quot;March 1989.&quot;</subfield>
      </datafield>
      <datafield ind1=' ' ind2=' ' tag='504'>
        <subfield code='a'>Includes bibliographical references (p. 36-38).</subfield>
      </datafield>
      <datafield ind1=' ' ind2=' ' tag='513'>
        <subfield code='a'>Interim.</subfield>
      </datafield>
      <datafield ind1=' ' ind2=' ' tag='533'>
        <subfield code='a'>Microfiche.</subfield>
        <subfield code='b'>[Washington, D.C.?] :</subfield>
        <subfield code='c'>Supt. of Docs., U.S. G.P.O.,</subfield>
        <subfield code='d'>[1992].</subfield>
        <subfield code='e'>1 microfiche : negative.</subfield>
      </datafield>
      <datafield ind1=' ' ind2='0' tag='650'>
        <subfield code='a'>Vacuum</subfield>
        <subfield code='x'>Measurement</subfield>
        <subfield code='x'>Standards</subfield>
        <subfield code='z'>United States.</subfield>
      </datafield>
      <datafield ind1='2' ind2=' ' tag='710'>
        <subfield code='a'>National Institute of Standards and Technology (U.S.)</subfield>
      </datafield>
      <datafield ind1='0' ind2='8' tag='776'>
        <subfield code='i'>Print version:</subfield>
        <subfield code='a'>Dittmann, Sharrill.</subfield>
        <subfield code='t'>High vacuum standard and its use.</subfield>
        <subfield code='w'>(DLC)   88600605</subfield>
        <subfield code='w'>(OCoLC)21202920</subfield>
      </datafield>
      <datafield ind1='0' ind2='8' tag='776'>
        <subfield code='i'>Online version:</subfield>
        <subfield code='a'>Dittmann, Sharrill.</subfield>
        <subfield code='t'>High vacuum standard and its use.</subfield>
        <subfield code='w'>(OCoLC)746026053</subfield>
      </datafield>
      <datafield ind1=' ' ind2='0' tag='830'>
        <subfield code='a'>NIST special publication ;</subfield>
        <subfield code='v'>250-34.</subfield>
      </datafield>
      <datafield ind1=' ' ind2='0' tag='830'>
        <subfield code='a'>NIST special publication.</subfield>
        <subfield code='p'>NIST measurement services.</subfield>
      </datafield>
      <datafield ind1=' ' ind2=' ' tag='907'>
        <subfield code='a'>b3403220</subfield>
      </datafield>
      <datafield ind1='9' ind2='1' tag='999'>
        <subfield code='i'>i4826325</subfield>
        <subfield code='l'>dcpfb</subfield>
        <subfield code='s'>-</subfield>
        <subfield code='t'>20</subfield>
        <subfield code='c'>1</subfield>
        <subfield code='o'>0</subfield>
        <subfield code='b'>HAZC-9956-00001</subfield>
        <subfield code='p'>086</subfield>
        <subfield code='q'>|aC 13.10:250-34</subfield>
      </datafield>
  </record>