
  <record>
    <leader>00000nam  2200349 a 4500</leader>
      <controlfield tag='008'>811220s1978    txua     b   f000 0 eng d</controlfield>
      <controlfield tag='001'>8020806</controlfield>
      <datafield ind1=' ' ind2=' ' tag='035'>
        <subfield code='a'>(GPO)82001568</subfield>
      </datafield>
      <datafield ind1=' ' ind2=' ' tag='040'>
        <subfield code='a'>GPO</subfield>
        <subfield code='c'>GPO</subfield>
      </datafield>
      <datafield ind1=' ' ind2=' ' tag='043'>
        <subfield code='a'>n-us---</subfield>
      </datafield>
      <datafield ind1=' ' ind2=' ' tag='074'>
        <subfield code='a'>421-E-3 (MF)</subfield>
      </datafield>
      <datafield ind1='0' ind2=' ' tag='086'>
        <subfield code='a'>D 301.45/27:78-24</subfield>
      </datafield>
      <datafield ind1='1' ind2=' ' tag='100'>
        <subfield code='a'>Foley, John P.</subfield>
      </datafield>
      <datafield ind1='1' ind2='0' tag='245'>
        <subfield code='a'>Executive summary concerning the impact of advanced maintenance data and task oriented training technologies on maintenance, personnel, and training systems /</subfield>
        <subfield code='c'>prepared for Department of Defense ; by John P. Foley, Jr.</subfield>
      </datafield>
      <datafield ind1=' ' ind2=' ' tag='260'>
        <subfield code='a'>Brooks Air Force Base, Tex. :</subfield>
        <subfield code='b'>Air Force Human Resources Laboratory, Air Force Systems Command,</subfield>
        <subfield code='c'>1978.</subfield>
      </datafield>
      <datafield ind1=' ' ind2=' ' tag='300'>
        <subfield code='a'>23 p. :</subfield>
        <subfield code='b'>ill. ;</subfield>
        <subfield code='c'>27 cm.</subfield>
      </datafield>
      <datafield ind1=' ' ind2=' ' tag='500'>
        <subfield code='a'>Cover title.</subfield>
      </datafield>
      <datafield ind1=' ' ind2=' ' tag='500'>
        <subfield code='a'>&quot;Advanced Systems Division.&quot;</subfield>
      </datafield>
      <datafield ind1=' ' ind2=' ' tag='500'>
        <subfield code='a'>&quot;March 1978.&quot;</subfield>
      </datafield>
      <datafield ind1=' ' ind2=' ' tag='500'>
        <subfield code='a'>&quot;Project 1710&quot;--P. 2 of cover.</subfield>
      </datafield>
      <datafield ind1=' ' ind2=' ' tag='504'>
        <subfield code='a'>Bibliography: p. 18-21.</subfield>
      </datafield>
      <datafield ind1='1' ind2='0' tag='610'>
        <subfield code='a'>United States.</subfield>
        <subfield code='b'>Air Force</subfield>
        <subfield code='x'>Recruiting, enlistment, etc.</subfield>
      </datafield>
      <datafield ind1='1' ind2='0' tag='610'>
        <subfield code='a'>United States.</subfield>
        <subfield code='b'>Air Force</subfield>
        <subfield code='x'>Personnel management.</subfield>
      </datafield>
      <datafield ind1=' ' ind2='0' tag='650'>
        <subfield code='a'>Ability</subfield>
        <subfield code='x'>Testing.</subfield>
      </datafield>
      <datafield ind1='1' ind2=' ' tag='710'>
        <subfield code='a'>United States.</subfield>
        <subfield code='b'>Department of Defense.</subfield>
      </datafield>
      <datafield ind1='2' ind2=' ' tag='710'>
        <subfield code='a'>Air Force Human Resources Laboratory.</subfield>
        <subfield code='b'>Advanced Systems Division.</subfield>
      </datafield>
      <datafield ind1=' ' ind2='0' tag='830'>
        <subfield code='a'>AFHRL-TR ;</subfield>
        <subfield code='v'>78-24.</subfield>
      </datafield>
      <datafield ind1=' ' ind2=' ' tag='907'>
        <subfield code='a'>b3463101</subfield>
      </datafield>
      <datafield ind1='9' ind2='1' tag='999'>
        <subfield code='i'>i4889726</subfield>
        <subfield code='l'>dcpf</subfield>
        <subfield code='s'>-</subfield>
        <subfield code='t'>20</subfield>
        <subfield code='c'>1</subfield>
        <subfield code='o'>0</subfield>
        <subfield code='b'>HAZQ-0005-00001</subfield>
        <subfield code='p'>086</subfield>
        <subfield code='q'>|aD 301.45/27:78-24</subfield>
      </datafield>
  </record>