
  <record>
    <leader>00000nam a2200469Ia 4500</leader>
      <controlfield tag='008'>070730s2007    cc            000 0 chi d</controlfield>
      <controlfield tag='001'>159921733</controlfield>
      <controlfield tag='003'>OCoLC</controlfield>
      <controlfield tag='005'>20071116123526.0</controlfield>
      <datafield ind1=' ' ind2=' ' tag='020'>
        <subfield code='a'>9787101056051</subfield>
      </datafield>
      <datafield ind1=' ' ind2=' ' tag='020'>
        <subfield code='a'>7101056059</subfield>
      </datafield>
      <datafield ind1=' ' ind2=' ' tag='035'>
        <subfield code='a'>(OCoLC)159921733</subfield>
      </datafield>
      <datafield ind1=' ' ind2=' ' tag='040'>
        <subfield code='a'>HNK</subfield>
        <subfield code='c'>HNK</subfield>
        <subfield code='d'>NOC</subfield>
      </datafield>
      <datafield ind1=' ' ind2=' ' tag='049'>
        <subfield code='a'>NOCE</subfield>
      </datafield>
      <datafield ind1=' ' ind2=' ' tag='066'>
        <subfield code='c'>$1</subfield>
      </datafield>
      <datafield ind1='1' ind2=' ' tag='100'>
        <subfield code='6'>880-01</subfield>
        <subfield code='a'>Munakata, Kotarō,</subfield>
        <subfield code='d'>1864-1923.</subfield>
      </datafield>
      <datafield ind1='1' ind2='0' tag='245'>
        <subfield code='6'>880-02</subfield>
        <subfield code='a'>Xin ren ri ji ;</subfield>
        <subfield code='b'>1912 nian Zhongguo zhi zheng dang jie she / Zongfang Xiaotailang zhu.</subfield>
      </datafield>
      <datafield ind1=' ' ind2=' ' tag='250'>
        <subfield code='6'>880-03</subfield>
        <subfield code='a'>Beijing di 1 ban.</subfield>
      </datafield>
      <datafield ind1=' ' ind2=' ' tag='260'>
        <subfield code='6'>880-04</subfield>
        <subfield code='a'>Beijing Shi :</subfield>
        <subfield code='b'>Zhonghua shu ju,</subfield>
        <subfield code='c'>2007.</subfield>
      </datafield>
      <datafield ind1=' ' ind2=' ' tag='300'>
        <subfield code='a'>2, 2, 247 p. ;</subfield>
        <subfield code='c'>22 cm.</subfield>
      </datafield>
      <datafield ind1='1' ind2='0' tag='600'>
        <subfield code='6'>880-06</subfield>
        <subfield code='a'>Munakata, Kotarō,</subfield>
        <subfield code='d'>1864-1923</subfield>
        <subfield code='v'>Diaries.</subfield>
      </datafield>
      <datafield ind1=' ' ind2='0' tag='650'>
        <subfield code='a'>Political parties</subfield>
        <subfield code='z'>China</subfield>
        <subfield code='x'>History.</subfield>
      </datafield>
      <datafield ind1=' ' ind2='0' tag='651'>
        <subfield code='a'>China</subfield>
        <subfield code='x'>History</subfield>
        <subfield code='y'>Xuantong, 1908-1912</subfield>
        <subfield code='v'>Sources.</subfield>
      </datafield>
      <datafield ind1=' ' ind2='0' tag='651'>
        <subfield code='a'>China</subfield>
        <subfield code='x'>Politics and government</subfield>
        <subfield code='y'>1644-1912.</subfield>
      </datafield>
      <datafield ind1='1' ind2='2' tag='700'>
        <subfield code='6'>880-07</subfield>
        <subfield code='a'>Munakata, Kotarō,</subfield>
        <subfield code='d'>1864-1923.</subfield>
        <subfield code='t'>1912 nian Zhongguo zhi zheng dang jie she.</subfield>
      </datafield>
      <datafield ind1='0' ind2='2' tag='740'>
        <subfield code='6'>880-08</subfield>
        <subfield code='a'>Yi jiu yi er nian Zhongguo zhi zheng dang jie she.</subfield>
      </datafield>
      <datafield ind1=' ' ind2='0' tag='830'>
        <subfield code='6'>880-09</subfield>
        <subfield code='a'>Jin dai shi liao bi ji cong kan.</subfield>
      </datafield>
      <datafield ind1='1' ind2=' ' tag='880'>
        <subfield code='6'>100-01/$1</subfield>
        <subfield code='a'>宗方小太郎,</subfield>
        <subfield code='d'>1864-1923.</subfield>
      </datafield>
      <datafield ind1='1' ind2='0' tag='880'>
        <subfield code='6'>245-02/$1</subfield>
        <subfield code='a'>辛壬日记 ;</subfield>
        <subfield code='b'>一九一二年中国之政党结社 / 宗方小太郎著.</subfield>
      </datafield>
      <datafield ind1=' ' ind2=' ' tag='880'>
        <subfield code='6'>250-03/$1</subfield>
        <subfield code='a'>北京第1版.</subfield>
      </datafield>
      <datafield ind1=' ' ind2=' ' tag='880'>
        <subfield code='6'>260-04/$1</subfield>
        <subfield code='a'>北京市 :</subfield>
        <subfield code='b'>中華書局,</subfield>
        <subfield code='c'>2007.</subfield>
      </datafield>
      <datafield ind1='1' ind2=' ' tag='880'>
        <subfield code='6'>490-05/$1</subfield>
        <subfield code='a'>近代史料笔记丛刊</subfield>
      </datafield>
      <datafield ind1='1' ind2='4' tag='880'>
        <subfield code='6'>600-06/$1</subfield>
        <subfield code='a'>宗方小太郎,</subfield>
        <subfield code='d'>1864-1923</subfield>
        <subfield code='v'>Diaries.</subfield>
      </datafield>
      <datafield ind1='1' ind2='2' tag='880'>
        <subfield code='6'>700-07/$1</subfield>
        <subfield code='a'>宗方小太郎,</subfield>
        <subfield code='d'>1864-1923.</subfield>
        <subfield code='t'>一九一二年中国之政党结社.</subfield>
      </datafield>
      <datafield ind1='0' ind2='2' tag='880'>
        <subfield code='6'>740-08/$1</subfield>
        <subfield code='a'>一九一二年中国之政党结社.</subfield>
      </datafield>
      <datafield ind1=' ' ind2='0' tag='880'>
        <subfield code='6'>830-09/$1</subfield>
        <subfield code='a'>近代史料笔记丛刊.</subfield>
      </datafield>
      <datafield ind1=' ' ind2=' ' tag='907'>
        <subfield code='a'>b5248110</subfield>
      </datafield>
      <datafield ind1='9' ind2='1' tag='999'>
        <subfield code='i'>i6985931</subfield>
        <subfield code='l'>ddda</subfield>
        <subfield code='s'>-</subfield>
        <subfield code='t'>0</subfield>
        <subfield code='c'>1</subfield>
        <subfield code='o'>0</subfield>
        <subfield code='b'>00029569583</subfield>
        <subfield code='p'>090</subfield>
        <subfield code='q'>|aDS773|b.M86 2007</subfield>
      </datafield>
  </record>