
  <record>
    <leader>00000cas  2200385 a 4500</leader>
      <controlfield tag='006'>m        |</controlfield>
      <controlfield tag='008'>090305c199u9999dcu||  |s    f|    0eng c</controlfield>
      <controlfield tag='007'>cr |||||||||||</controlfield>
      <controlfield tag='001'>312494844</controlfield>
      <controlfield tag='003'>OCoLC</controlfield>
      <controlfield tag='005'>20090414160226.0</controlfield>
      <datafield ind1=' ' ind2=' ' tag='010'>
        <subfield code='a'>2009230655</subfield>
      </datafield>
      <datafield ind1=' ' ind2=' ' tag='037'>
        <subfield code='a'>869-068-00000-4</subfield>
        <subfield code='b'>Paper subscription available from: Supt. of Docs., P.O. Box 979050, St. Louis, MO 63197-9000</subfield>
      </datafield>
      <datafield ind1=' ' ind2=' ' tag='037'>
        <subfield code='a'>869-067-00000-8</subfield>
        <subfield code='b'>Microfiche subscription available from: Supt. of Docs., P.O. Box 979050, St. Louis, MO 63197-9000</subfield>
      </datafield>
      <datafield ind1=' ' ind2=' ' tag='040'>
        <subfield code='a'>GPO</subfield>
        <subfield code='c'>GPO</subfield>
        <subfield code='d'>GPO</subfield>
        <subfield code='d'>MvI</subfield>
      </datafield>
      <datafield ind1=' ' ind2=' ' tag='042'>
        <subfield code='a'>lcd</subfield>
      </datafield>
      <datafield ind1=' ' ind2=' ' tag='043'>
        <subfield code='a'>n-us---</subfield>
      </datafield>
      <datafield ind1=' ' ind2=' ' tag='074'>
        <subfield code='a'>0572-B-01 (online)</subfield>
      </datafield>
      <datafield ind1='0' ind2=' ' tag='086'>
        <subfield code='a'>AE 2.106/3:47/</subfield>
      </datafield>
      <datafield ind1='0' ind2='0' tag='245'>
        <subfield code='a'>Code of federal regulations.</subfield>
        <subfield code='n'>Title 47,</subfield>
        <subfield code='p'>Telecommunication</subfield>
        <subfield code='h'>[electronic resource].</subfield>
      </datafield>
      <datafield ind1='1' ind2='3' tag='246'>
        <subfield code='a'>Telecommunication</subfield>
      </datafield>
      <datafield ind1=' ' ind2=' ' tag='260'>
        <subfield code='a'>[Washington, D.C.] :</subfield>
        <subfield code='b'>National Archives and Records Administration</subfield>
      </datafield>
      <datafield ind1=' ' ind2=' ' tag='300'>
        <subfield code='a'>v. :</subfield>
        <subfield code='b'>digital, PDF file.</subfield>
      </datafield>
      <datafield ind1=' ' ind2=' ' tag='310'>
        <subfield code='a'>Annual</subfield>
      </datafield>
      <datafield ind1=' ' ind2=' ' tag='500'>
        <subfield code='a'>Description based on: 1996; title from search screen (viewed on Mar. 5, 2009).</subfield>
      </datafield>
      <datafield ind1=' ' ind2=' ' tag='500'>
        <subfield code='a'>Latest issue consulted: 2008.</subfield>
      </datafield>
      <datafield ind1=' ' ind2=' ' tag='538'>
        <subfield code='a'>Mode of access: Internet at the GPO Access web site. Address as of 3/5/09:   http://www.access.gpo.gov/nara/cfr/cfr-table-search.html  ; current access is available via PURL.</subfield>
      </datafield>
      <datafield ind1=' ' ind2='0' tag='650'>
        <subfield code='a'>Telecommunication</subfield>
        <subfield code='x'>Law and legislation</subfield>
        <subfield code='z'>United States</subfield>
        <subfield code='v'>Periodicals.</subfield>
      </datafield>
      <datafield ind1='1' ind2=' ' tag='710'>
        <subfield code='a'>United States.</subfield>
        <subfield code='b'>Office of the Federal Register.</subfield>
      </datafield>
      <datafield ind1='0' ind2=' ' tag='776'>
        <subfield code='t'>Code of federal regulations.</subfield>
        <subfield code='n'>47, Telecommunications</subfield>
        <subfield code='w'>(DLC)sn 87042018</subfield>
        <subfield code='w'>(OCoLC)7526720</subfield>
      </datafield>
      <datafield ind1='0' ind2=' ' tag='776'>
        <subfield code='t'>Code of federal regulations.</subfield>
        <subfield code='n'>47, Telecommunications</subfield>
        <subfield code='w'>(DLC)  2009230026</subfield>
        <subfield code='w'>(OCoLC)38552562</subfield>
      </datafield>
      <datafield ind1='4' ind2='0' tag='856'>
        <subfield code='u'>http://purl.access.gpo.gov/GPO/LPS494</subfield>
      </datafield>
      <datafield ind1=' ' ind2=' ' tag='919'>
        <subfield code='a'>dwsgpo</subfield>
      </datafield>
      <datafield ind1=' ' ind2=' ' tag='907'>
        <subfield code='a'>b5924655</subfield>
      </datafield>
  </record>