
  <record>
    <leader>00000cam a2200265I  4500</leader>
      <controlfield tag='008'>890216s1968    ve       b    000 0 spa  </controlfield>
      <controlfield tag='001'>2061734</controlfield>
      <controlfield tag='005'>19890216000000.0</controlfield>
      <datafield ind1=' ' ind2=' ' tag='010'>
        <subfield code='a'>78212093</subfield>
      </datafield>
      <datafield ind1=' ' ind2=' ' tag='040'>
        <subfield code='a'>DLC</subfield>
        <subfield code='c'>LDL</subfield>
        <subfield code='d'>m.c.</subfield>
      </datafield>
      <datafield ind1=' ' ind2=' ' tag='050'>
        <subfield code='a'>PQ2637.A82</subfield>
        <subfield code='b'>Z83</subfield>
      </datafield>
      <datafield ind1='1' ind2=' ' tag='100'>
        <subfield code='a'>Riu, Federico,</subfield>
        <subfield code='d'>1923-</subfield>
      </datafield>
      <datafield ind1='1' ind2='0' tag='245'>
        <subfield code='a'>Ensayos sobre Sartre.</subfield>
      </datafield>
      <datafield ind1=' ' ind2=' ' tag='260'>
        <subfield code='a'>[Caracas]</subfield>
        <subfield code='b'>Monte Avila Editores</subfield>
        <subfield code='c'>[1968]</subfield>
      </datafield>
      <datafield ind1=' ' ind2=' ' tag='300'>
        <subfield code='a'>166 p.</subfield>
        <subfield code='c'>20 cm.</subfield>
      </datafield>
      <datafield ind1=' ' ind2=' ' tag='504'>
        <subfield code='a'>Bibliographical footnotes.</subfield>
      </datafield>
      <datafield ind1='1' ind2='0' tag='600'>
        <subfield code='a'>Sartre, Jean-Paul,</subfield>
        <subfield code='d'>1905-1980.</subfield>
      </datafield>
      <datafield ind1=' ' ind2='0' tag='830'>
        <subfield code='a'>Colección Prisma.</subfield>
      </datafield>
      <datafield ind1=' ' ind2=' ' tag='907'>
        <subfield code='a'>b1360415</subfield>
      </datafield>
      <datafield ind1='9' ind2='1' tag='999'>
        <subfield code='i'>i1851857</subfield>
        <subfield code='l'>ddda</subfield>
        <subfield code='s'>-</subfield>
        <subfield code='t'>0</subfield>
        <subfield code='c'>1</subfield>
        <subfield code='o'>4</subfield>
        <subfield code='b'>10002544061</subfield>
        <subfield code='p'>090</subfield>
        <subfield code='q'>|aB2430.S34 R5</subfield>
      </datafield>
  </record>