
  <record>
    <leader>00000cam  2200205 a 4500</leader>
      <controlfield tag='008'>860714s1982    orua          000 0 eng  </controlfield>
      <controlfield tag='001'>8826509</controlfield>
      <controlfield tag='005'>19860714000000.0</controlfield>
      <datafield ind1=' ' ind2=' ' tag='010'>
        <subfield code='a'>81086040</subfield>
      </datafield>
      <datafield ind1=' ' ind2=' ' tag='020'>
        <subfield code='a'>0912856777 :</subfield>
        <subfield code='c'>$29.50</subfield>
      </datafield>
      <datafield ind1=' ' ind2=' ' tag='040'>
        <subfield code='a'>DLC</subfield>
        <subfield code='c'>DLC</subfield>
        <subfield code='d'>NOC</subfield>
      </datafield>
      <datafield ind1=' ' ind2=' ' tag='043'>
        <subfield code='a'>n-us-oh</subfield>
      </datafield>
      <datafield ind1='0' ind2=' ' tag='082'>
        <subfield code='a'>779/.99771043</subfield>
        <subfield code='2'>19</subfield>
      </datafield>
      <datafield ind1='1' ind2=' ' tag='100'>
        <subfield code='a'>Westwater, James.</subfield>
      </datafield>
      <datafield ind1='1' ind2='0' tag='245'>
        <subfield code='a'>Ohio /</subfield>
        <subfield code='c'>photography by James Westwater ; text by Richard McCutchen ; captions by Robert Canzoneri.</subfield>
      </datafield>
      <datafield ind1=' ' ind2=' ' tag='260'>
        <subfield code='a'>Portland, Or. :</subfield>
        <subfield code='b'>Graphic Arts Center Pub. Co.,</subfield>
        <subfield code='c'>c1982.</subfield>
      </datafield>
      <datafield ind1=' ' ind2=' ' tag='300'>
        <subfield code='a'>128 p. :</subfield>
        <subfield code='b'>chiefly col. ill. ;</subfield>
        <subfield code='c'>35 cm.</subfield>
      </datafield>
      <datafield ind1=' ' ind2='0' tag='651'>
        <subfield code='a'>Ohio</subfield>
        <subfield code='v'>Pictorial works.</subfield>
      </datafield>
      <datafield ind1='1' ind2=' ' tag='700'>
        <subfield code='a'>McCutchen, Richard.</subfield>
      </datafield>
      <datafield ind1='1' ind2=' ' tag='700'>
        <subfield code='a'>Canzoneri, Robert.</subfield>
      </datafield>
      <datafield ind1=' ' ind2=' ' tag='907'>
        <subfield code='a'>b1850449</subfield>
      </datafield>
      <datafield ind1='9' ind2='1' tag='999'>
        <subfield code='i'>i2675037</subfield>
        <subfield code='l'>trln</subfield>
        <subfield code='s'>-</subfield>
        <subfield code='t'>0</subfield>
        <subfield code='c'>1</subfield>
        <subfield code='o'>1</subfield>
        <subfield code='b'>00003638004</subfield>
        <subfield code='p'>090</subfield>
        <subfield code='q'>|aF492 .W47 1982</subfield>
      </datafield>
  </record>