
  <record>
    <leader>00000ngm a2200445Ia 4500</leader>
      <controlfield tag='006'>m    |o  c |</controlfield>
      <controlfield tag='007'>cr cna</controlfield>
      <controlfield tag='007'>vz czazzu</controlfield>
      <controlfield tag='008'>140910s2011||||nyu069 |     |o   vleng|d</controlfield>
      <controlfield tag='001'>FMGFOD55263</controlfield>
      <controlfield tag='003'>FOD</controlfield>
      <controlfield tag='005'>20140909151047.0</controlfield>
      <datafield ind1='4' ind2='0' tag='028'>
        <subfield code='a'>55263</subfield>
        <subfield code='b'>Films Media Group</subfield>
      </datafield>
      <datafield ind1=' ' ind2=' ' tag='035'>
        <subfield code='a'>(OCoLC)890211025</subfield>
      </datafield>
      <datafield ind1=' ' ind2=' ' tag='040'>
        <subfield code='a'>AzPhAEM</subfield>
        <subfield code='b'>eng</subfield>
      </datafield>
      <datafield ind1='0' ind2='0' tag='245'>
        <subfield code='a'>Rupture</subfield>
        <subfield code='h'>[electronic resource] :</subfield>
        <subfield code='b'>Living with My Broken Brain /</subfield>
        <subfield code='c'>Channel Four (Great Britain).</subfield>
      </datafield>
      <datafield ind1='3' ind2=' ' tag='246'>
        <subfield code='a'>Living with My Broken Brain</subfield>
      </datafield>
      <datafield ind1='3' ind2=' ' tag='260'>
        <subfield code='a'>New York, N.Y. :</subfield>
        <subfield code='b'>Films Media Group,</subfield>
        <subfield code='c'>[2014], c2011</subfield>
      </datafield>
      <datafield ind1=' ' ind2=' ' tag='300'>
        <subfield code='a'>1 streaming video (69 min.)</subfield>
      </datafield>
      <datafield ind1=' ' ind2=' ' tag='336'>
        <subfield code='a'>two-dimensional moving image</subfield>
        <subfield code='b'>tdi</subfield>
        <subfield code='2'>rdacontent</subfield>
      </datafield>
      <datafield ind1=' ' ind2=' ' tag='337'>
        <subfield code='a'>computer</subfield>
        <subfield code='b'>c</subfield>
        <subfield code='2'>rdamedia</subfield>
      </datafield>
      <datafield ind1=' ' ind2=' ' tag='338'>
        <subfield code='a'>online resource</subfield>
        <subfield code='b'>cr</subfield>
        <subfield code='2'>rdacarrier</subfield>
      </datafield>
      <datafield ind1='0' ind2=' ' tag='505'>
        <subfield code='a'>Suffering a Brain Injury (4:13) -- Fragile Human Existence (1:31) -- Aneurysm Mechanics (1:34) -- Aneurysm Treatment (5:11) -- Aneurysm Surgery (4:32) -- Brain Surgery (Graphic) (2:05) -- Mystery of Consciousness (3:28) -- Recovering from Stroke (3:08) -- Stroke Therapy (2:47) -- Recovering from Brain Surgery (3:23) -- Gaining Life Perspective (4:04) -- Arteriovenous Malformation (3:30) -- Brain Injury Support Group (4:26) -- Brain Injury and Memory (5:37) -- Brain Injury and Creativity (4:21) -- Brain Injury and Disability (4:53) -- Living with Brain Injury (3:03) -- Brain Injury Lessons (3:34) -- Credits: Rupture: Living with My Broken Brain (2:20)</subfield>
      </datafield>
      <datafield ind1='1' ind2=' ' tag='506'>
        <subfield code='a'>Access limited to UNC Chapel Hill-authenticated users.</subfield>
        <subfield code='f'>Unlimited simultaneous users</subfield>
      </datafield>
      <datafield ind1=' ' ind2=' ' tag='520'>
        <subfield code='a'>Actress Maryam d&apos;Abo suffered a subarachnoid hemorrhage in 2007. Her near-death experience inspired this film to be made with her husband filmmaker, Hugh Hudson who witnessed her illness. Maryam leads us on a personal journey of recovery, giving hope to those who are isolated by their condition. First-hand stories celebrate our will to survive and bring awareness of an unseen and unpredictable condition that is often misunderstood.</subfield>
      </datafield>
      <datafield ind1='2' ind2=' ' tag='521'>
        <subfield code='a'>9 &amp; up.</subfield>
      </datafield>
      <datafield ind1='0' ind2=' ' tag='588'>
        <subfield code='a'>Title from distributor&apos;s description.</subfield>
      </datafield>
      <datafield ind1=' ' ind2='0' tag='650'>
        <subfield code='a'>Medical rehabilitation.</subfield>
      </datafield>
      <datafield ind1=' ' ind2='0' tag='650'>
        <subfield code='a'>Subarachnoid hemorrhage.</subfield>
      </datafield>
      <datafield ind1=' ' ind2='0' tag='655'>
        <subfield code='a'>Educational films.</subfield>
      </datafield>
      <datafield ind1='2' ind2=' ' tag='710'>
        <subfield code='a'>Channel Four (Great Britain)</subfield>
      </datafield>
      <datafield ind1='0' ind2=' ' tag='773'>
        <subfield code='t'>FMG films on demand (online collection)</subfield>
      </datafield>
      <datafield ind1='4' ind2='0' tag='856'>
        <subfield code='u'>http://libproxy.lib.unc.edu/login?url=http://fod.infobase.com/PortalPlaylists.aspx?wID=102632&amp;xtid=55263</subfield>
        <subfield code='y'>Streaming video available via the UNC-Chapel Hill Libraries</subfield>
        <subfield code='x'>FMG Films on Demand</subfield>
      </datafield>
      <datafield ind1=' ' ind2=' ' tag='919'>
        <subfield code='a'>filmfinder</subfield>
      </datafield>
      <datafield ind1=' ' ind2='1' tag='907'>
        <subfield code='a'>b7924391</subfield>
      </datafield>
  </record>