
  <record>
    <leader>00000cam  2200169Ia 4500</leader>
      <controlfield tag='008'>990412s1998    po            000 0 por d</controlfield>
      <controlfield tag='001'>41147984</controlfield>
      <controlfield tag='005'>19990412130400.0</controlfield>
      <datafield ind1=' ' ind2=' ' tag='020'>
        <subfield code='a'>9729723761</subfield>
      </datafield>
      <datafield ind1=' ' ind2=' ' tag='040'>
        <subfield code='a'>NOC</subfield>
        <subfield code='c'>NOC</subfield>
      </datafield>
      <datafield ind1='0' ind2='0' tag='245'>
        <subfield code='a'>Escrever para ler :</subfield>
        <subfield code='b'>selecção de contos concorrentes á primeira edição do Prémio Literário &quot;Escrever para Ler&quot;/</subfield>
        <subfield code='c'>Ana Teresa Viegas Gaspar ... [et al.].</subfield>
      </datafield>
      <datafield ind1=' ' ind2=' ' tag='260'>
        <subfield code='a'>Lisboa :</subfield>
        <subfield code='b'>Quatro Margens Editora,</subfield>
        <subfield code='c'>1998.</subfield>
      </datafield>
      <datafield ind1=' ' ind2=' ' tag='300'>
        <subfield code='a'>111 p. ;</subfield>
        <subfield code='c'>22 cm.</subfield>
      </datafield>
      <datafield ind1=' ' ind2='0' tag='650'>
        <subfield code='a'>Short stories, Portuguese</subfield>
        <subfield code='z'>Portugal.</subfield>
      </datafield>
      <datafield ind1=' ' ind2='0' tag='650'>
        <subfield code='a'>Portuguese fiction</subfield>
        <subfield code='y'>20th century.</subfield>
      </datafield>
      <datafield ind1=' ' ind2=' ' tag='907'>
        <subfield code='a'>b3219252</subfield>
      </datafield>
      <datafield ind1='9' ind2='1' tag='999'>
        <subfield code='i'>i4573324</subfield>
        <subfield code='l'>ddda</subfield>
        <subfield code='s'>-</subfield>
        <subfield code='t'>0</subfield>
        <subfield code='c'>1</subfield>
        <subfield code='o'>0</subfield>
        <subfield code='b'>00015953050</subfield>
        <subfield code='p'>090</subfield>
        <subfield code='q'>|aPQ9176 .E79 1998</subfield>
      </datafield>
  </record>