
  <record>
    <leader>00000cam a2200469Ia 4500</leader>
      <controlfield tag='008'>140301s2013    cc            000 0 chi d</controlfield>
      <controlfield tag='001'>868799324</controlfield>
      <controlfield tag='003'>OCoLC</controlfield>
      <controlfield tag='005'>20140301014503.0</controlfield>
      <datafield ind1=' ' ind2=' ' tag='019'>
        <subfield code='a'>854892044</subfield>
      </datafield>
      <datafield ind1=' ' ind2=' ' tag='020'>
        <subfield code='a'>9787560850511 (v.1) :</subfield>
        <subfield code='c'>RMB76.00</subfield>
      </datafield>
      <datafield ind1=' ' ind2=' ' tag='020'>
        <subfield code='a'>7560850510 (v.1) :</subfield>
        <subfield code='c'>RMB76.00</subfield>
      </datafield>
      <datafield ind1=' ' ind2=' ' tag='020'>
        <subfield code='a'>9787560850528 (v.2) :</subfield>
        <subfield code='c'>RMB78.00</subfield>
      </datafield>
      <datafield ind1=' ' ind2=' ' tag='020'>
        <subfield code='a'>7560850529 (v.2) :</subfield>
        <subfield code='c'>RMB78.00</subfield>
      </datafield>
      <datafield ind1=' ' ind2=' ' tag='035'>
        <subfield code='a'>(OCoLC)868799324</subfield>
        <subfield code='z'>(OCoLC)854892044</subfield>
      </datafield>
      <datafield ind1=' ' ind2=' ' tag='040'>
        <subfield code='a'>BCBTC</subfield>
        <subfield code='b'>eng</subfield>
        <subfield code='c'>TJC</subfield>
        <subfield code='d'>OCLCO</subfield>
        <subfield code='d'>CNPIT</subfield>
        <subfield code='d'>STF</subfield>
        <subfield code='d'>BCBTC</subfield>
      </datafield>
      <datafield ind1=' ' ind2=' ' tag='049'>
        <subfield code='a'>NOCC</subfield>
      </datafield>
      <datafield ind1=' ' ind2='4' tag='050'>
        <subfield code='a'>NA1543.4</subfield>
        <subfield code='b'>.Z464 2013</subfield>
      </datafield>
      <datafield ind1=' ' ind2=' ' tag='066'>
        <subfield code='c'>$1</subfield>
      </datafield>
      <datafield ind1='0' ind2='0' tag='245'>
        <subfield code='6'>880-01</subfield>
        <subfield code='a'>Zhongguo gu dai jian zhu wen xian ji yao.</subfield>
        <subfield code='p'>Ming dai /</subfield>
        <subfield code='c'>Cheng Guozheng bian zhu ; Lu Bingjie zhu shen.</subfield>
      </datafield>
      <datafield ind1='3' ind2='0' tag='246'>
        <subfield code='6'>880-02</subfield>
        <subfield code='a'>Ming dai</subfield>
      </datafield>
      <datafield ind1=' ' ind2=' ' tag='250'>
        <subfield code='6'>880-03</subfield>
        <subfield code='a'>Di 1 ban.</subfield>
      </datafield>
      <datafield ind1=' ' ind2=' ' tag='260'>
        <subfield code='6'>880-04</subfield>
        <subfield code='a'>Shanghai Shi :</subfield>
        <subfield code='b'>Tong ji da xue chu ban she,</subfield>
        <subfield code='c'>2013.</subfield>
      </datafield>
      <datafield ind1=' ' ind2=' ' tag='300'>
        <subfield code='a'>2 v. ;</subfield>
        <subfield code='c'>26 cm.</subfield>
      </datafield>
      <datafield ind1=' ' ind2='0' tag='650'>
        <subfield code='a'>Architecture</subfield>
        <subfield code='z'>China</subfield>
        <subfield code='x'>History</subfield>
        <subfield code='y'>Ming-Qing dynasties, 1368-1912</subfield>
        <subfield code='v'>Sources.</subfield>
      </datafield>
      <datafield ind1='1' ind2=' ' tag='700'>
        <subfield code='6'>880-05</subfield>
        <subfield code='a'>Cheng, Guozheng.</subfield>
      </datafield>
      <datafield ind1='1' ind2=' ' tag='700'>
        <subfield code='6'>880-06</subfield>
        <subfield code='a'>Lu, Bingjie.</subfield>
      </datafield>
      <datafield ind1='0' ind2='0' tag='880'>
        <subfield code='6'>245-01/$1</subfield>
        <subfield code='a'>中国古代建筑文献集要.</subfield>
        <subfield code='p'>明代 /</subfield>
        <subfield code='c'>程国政编注 ; 路秉杰主审.</subfield>
      </datafield>
      <datafield ind1='3' ind2='0' tag='880'>
        <subfield code='6'>246-02/$1</subfield>
        <subfield code='a'>明代</subfield>
      </datafield>
      <datafield ind1=' ' ind2=' ' tag='880'>
        <subfield code='6'>250-03/$1</subfield>
        <subfield code='a'>第1版.</subfield>
      </datafield>
      <datafield ind1=' ' ind2=' ' tag='880'>
        <subfield code='6'>260-04/$1</subfield>
        <subfield code='a'>上海市 :</subfield>
        <subfield code='b'>同濟大學出版社,</subfield>
        <subfield code='c'>2013.</subfield>
      </datafield>
      <datafield ind1='1' ind2=' ' tag='880'>
        <subfield code='6'>700-05/$1</subfield>
        <subfield code='a'>程国政.</subfield>
      </datafield>
      <datafield ind1='1' ind2=' ' tag='880'>
        <subfield code='6'>700-06/$1</subfield>
        <subfield code='a'>路秉杰.</subfield>
      </datafield>
      <datafield ind1=' ' ind2='1' tag='907'>
        <subfield code='a'>b7596570</subfield>
      </datafield>
      <datafield ind1='9' ind2='1' tag='999'>
        <subfield code='i'>i10395143</subfield>
        <subfield code='l'>aada</subfield>
        <subfield code='s'>-</subfield>
        <subfield code='t'>0</subfield>
        <subfield code='c'>1</subfield>
        <subfield code='o'>2</subfield>
        <subfield code='b'>00040536919</subfield>
        <subfield code='p'>050</subfield>
        <subfield code='q'>|aNA1543.4|b.Z464 2013</subfield>
        <subfield code='v'>v.1</subfield>
      </datafield>
      <datafield ind1='9' ind2='1' tag='999'>
        <subfield code='i'>i10395144</subfield>
        <subfield code='l'>aada</subfield>
        <subfield code='s'>-</subfield>
        <subfield code='t'>0</subfield>
        <subfield code='c'>1</subfield>
        <subfield code='o'>3</subfield>
        <subfield code='b'>00045516529</subfield>
        <subfield code='p'>050</subfield>
        <subfield code='q'>|aNA1543.4|b.Z464 2013</subfield>
        <subfield code='v'>v.2</subfield>
      </datafield>
  </record>