
  <record>
    <leader>00000nam  2200289Ka 4500</leader>
      <controlfield tag='006'>m        d f</controlfield>
      <controlfield tag='008'>080623s2003    dcu     s    f000 0 eng d</controlfield>
      <controlfield tag='001'>232546645</controlfield>
      <controlfield tag='003'>OCoLC</controlfield>
      <controlfield tag='005'>20080623095212.0</controlfield>
      <datafield ind1=' ' ind2=' ' tag='040'>
        <subfield code='a'>GPO</subfield>
        <subfield code='c'>GPO</subfield>
        <subfield code='d'>GPO</subfield>
        <subfield code='d'>MvI</subfield>
      </datafield>
      <datafield ind1=' ' ind2=' ' tag='074'>
        <subfield code='a'>0429-A (online)</subfield>
      </datafield>
      <datafield ind1='0' ind2=' ' tag='086'>
        <subfield code='a'>E 1.2:B 52/22</subfield>
      </datafield>
      <datafield ind1='0' ind2='0' tag='245'>
        <subfield code='a'>Biotechnology for Energy Security</subfield>
        <subfield code='h'>[electronic resource].</subfield>
      </datafield>
      <datafield ind1=' ' ind2=' ' tag='260'>
        <subfield code='a'>[Washington, D.C.] :</subfield>
        <subfield code='b'>U.S. Dept. of Energy, Office of Science,</subfield>
        <subfield code='c'>[2003?]</subfield>
      </datafield>
      <datafield ind1=' ' ind2=' ' tag='300'>
        <subfield code='a'>2 p. :</subfield>
        <subfield code='b'>digital, PDF file.</subfield>
      </datafield>
      <datafield ind1=' ' ind2=' ' tag='500'>
        <subfield code='a'>Title from title screen (viewed June 20, 2008).</subfield>
      </datafield>
      <datafield ind1=' ' ind2=' ' tag='538'>
        <subfield code='a'>Mode of access: Internet from the DOE web site. Address as of 6/20/2008: http://www.sc.doe.gov/Sub/Occasional%5FPapers/7-Occ-Biotechnology-for-Energy-Security.PDF ; current access is available via PURL.</subfield>
      </datafield>
      <datafield ind1=' ' ind2='0' tag='650'>
        <subfield code='a'>Biotechnology.</subfield>
      </datafield>
      <datafield ind1=' ' ind2='0' tag='650'>
        <subfield code='a'>Biomass energy.</subfield>
      </datafield>
      <datafield ind1='1' ind2=' ' tag='710'>
        <subfield code='a'>United States.</subfield>
        <subfield code='b'>Department of Energy.</subfield>
        <subfield code='b'>Office of Science.</subfield>
      </datafield>
      <datafield ind1='4' ind2='0' tag='856'>
        <subfield code='u'>http://purl.access.gpo.gov/GPO/LPS95714</subfield>
      </datafield>
      <datafield ind1=' ' ind2=' ' tag='919'>
        <subfield code='a'>dwsgpo</subfield>
      </datafield>
      <datafield ind1=' ' ind2=' ' tag='907'>
        <subfield code='a'>b5668625</subfield>
      </datafield>
  </record>