
  <record>
    <leader>00000nam  22002651a 4500</leader>
      <controlfield tag='006'>m        d</controlfield>
      <controlfield tag='008'>071228s1932    dcu     s    f000 0 eng d</controlfield>
      <controlfield tag='007'>cr un mmmapmmp</controlfield>
      <controlfield tag='001'>cis2004192395</controlfield>
      <datafield ind1=' ' ind2=' ' tag='040'>
        <subfield code='a'>UMI</subfield>
        <subfield code='c'>UMI</subfield>
      </datafield>
      <datafield ind1='1' ind2=' ' tag='110'>
        <subfield code='a'>United States.</subfield>
        <subfield code='b'>Congress.</subfield>
        <subfield code='b'>Senate.</subfield>
        <subfield code='b'>Committee on Banking and Currency.</subfield>
      </datafield>
      <datafield ind1='1' ind2='0' tag='245'>
        <subfield code='a'>Amendment to Reconstruction Finance Corporation Act providing advances for crop planting and cultivation</subfield>
        <subfield code='h'>[electronic resource].</subfield>
      </datafield>
      <datafield ind1='1' ind2=' ' tag='246'>
        <subfield code='a'>Advances for planting and cultivation of crops</subfield>
      </datafield>
      <datafield ind1=' ' ind2=' ' tag='260'>
        <subfield code='a'>Washington :</subfield>
        <subfield code='b'>[s.n.],</subfield>
        <subfield code='c'>1932.</subfield>
      </datafield>
      <datafield ind1=' ' ind2=' ' tag='300'>
        <subfield code='a'>1 p. :</subfield>
        <subfield code='b'>digital, PDF file.</subfield>
      </datafield>
      <datafield ind1=' ' ind2=' ' tag='500'>
        <subfield code='a'>Doc-No: S.rp.761</subfield>
      </datafield>
      <datafield ind1='1' ind2=' ' tag='506'>
        <subfield code='a'>Access limited to UNC Chapel Hill-authenticated users.</subfield>
        <subfield code='f'>Unlimited simultaneous users</subfield>
      </datafield>
      <datafield ind1='1' ind2=' ' tag='506'>
        <subfield code='a'>Reuse except for individual research requires license from ProQuest, LLC.</subfield>
      </datafield>
      <datafield ind1='0' ind2=' ' tag='588'>
        <subfield code='a'>Bibliographic data in ProQuest U.S. Serial Set Digital Collection (last viewed Dec. 2007).</subfield>
      </datafield>
      <datafield ind1=' ' ind2='0' tag='650'>
        <subfield code='a'>Agricultural education.</subfield>
      </datafield>
      <datafield ind1='0' ind2=' ' tag='773'>
        <subfield code='t'>ProQuest U.S. serial set (online collection). 1, 1789-1969. Monographs</subfield>
      </datafield>
      <datafield ind1='4' ind2='0' tag='856'>
        <subfield code='u'>http://libproxy.lib.unc.edu/login?url=http://congressional.proquest.com/congcomp/getdoc?SERIAL-SET-ID=9488+S.rp.761</subfield>
        <subfield code='y'>Full text available via the UNC-Chapel Hill Libraries</subfield>
      </datafield>
      <datafield ind1=' ' ind2=' ' tag='907'>
        <subfield code='a'>b5546807</subfield>
      </datafield>
  </record>