
  <record>
    <leader>00000cam  2200265Ia 4500</leader>
      <controlfield tag='008'>030603s2003    ohu           001 0 eng d</controlfield>
      <controlfield tag='001'>52361246</controlfield>
      <controlfield tag='005'>20030715134713.0</controlfield>
      <datafield ind1=' ' ind2=' ' tag='010'>
        <subfield code='a'>2003041190</subfield>
      </datafield>
      <datafield ind1=' ' ind2=' ' tag='020'>
        <subfield code='a'>1582972478</subfield>
      </datafield>
      <datafield ind1=' ' ind2=' ' tag='020'>
        <subfield code='a'>1582972451 (pbk.) :</subfield>
        <subfield code='c'>$16.99</subfield>
      </datafield>
      <datafield ind1=' ' ind2=' ' tag='040'>
        <subfield code='a'>EOW</subfield>
        <subfield code='c'>EOW</subfield>
        <subfield code='d'>EPL</subfield>
        <subfield code='d'>NOC</subfield>
      </datafield>
      <datafield ind1='0' ind2='0' tag='245'>
        <subfield code='a'>Novel voices /</subfield>
        <subfield code='c'>edited by Jennifer Levasseur &amp; Kevin Rabalais.</subfield>
      </datafield>
      <datafield ind1=' ' ind2=' ' tag='250'>
        <subfield code='a'>1st ed.</subfield>
      </datafield>
      <datafield ind1=' ' ind2=' ' tag='260'>
        <subfield code='a'>Cincinnati, Ohio :</subfield>
        <subfield code='b'>Writer&apos;s Digest Books,</subfield>
        <subfield code='c'>c2003.</subfield>
      </datafield>
      <datafield ind1=' ' ind2=' ' tag='300'>
        <subfield code='a'>266 p. ;</subfield>
        <subfield code='c'>23 cm.</subfield>
      </datafield>
      <datafield ind1=' ' ind2=' ' tag='500'>
        <subfield code='a'>&quot;17 award-winning novelists on how to write, edit, and get published&quot;--Cover.</subfield>
      </datafield>
      <datafield ind1=' ' ind2=' ' tag='504'>
        <subfield code='a'>Includes index.</subfield>
      </datafield>
      <datafield ind1=' ' ind2='0' tag='650'>
        <subfield code='a'>Fiction</subfield>
        <subfield code='x'>Authorship.</subfield>
      </datafield>
      <datafield ind1=' ' ind2='0' tag='650'>
        <subfield code='a'>American fiction</subfield>
        <subfield code='y'>20th century</subfield>
        <subfield code='x'>History and criticism</subfield>
        <subfield code='x'>Theory, etc.</subfield>
      </datafield>
      <datafield ind1=' ' ind2='0' tag='650'>
        <subfield code='a'>Novelists, American</subfield>
        <subfield code='y'>20th century</subfield>
        <subfield code='v'>Interviews.</subfield>
      </datafield>
      <datafield ind1='1' ind2=' ' tag='700'>
        <subfield code='a'>Levasseur, Jennifer,</subfield>
        <subfield code='d'>1977-</subfield>
      </datafield>
      <datafield ind1='1' ind2=' ' tag='700'>
        <subfield code='a'>Rabalais, Kevin,</subfield>
        <subfield code='d'>1976-</subfield>
      </datafield>
      <datafield ind1=' ' ind2=' ' tag='907'>
        <subfield code='a'>b4303062</subfield>
      </datafield>
      <datafield ind1='9' ind2='1' tag='999'>
        <subfield code='i'>i5879516</subfield>
        <subfield code='l'>ddda</subfield>
        <subfield code='s'>-</subfield>
        <subfield code='t'>0</subfield>
        <subfield code='c'>1</subfield>
        <subfield code='o'>2</subfield>
        <subfield code='b'>00022439782</subfield>
        <subfield code='p'>090</subfield>
        <subfield code='q'>|aPN3355 .N688 2003</subfield>
      </datafield>
  </record>