
  <record>
    <leader>00000nam  2200373 i 4500</leader>
      <controlfield tag='008'>791101s1979    mdu      b   f000 0 eng d</controlfield>
      <controlfield tag='001'>5659438</controlfield>
      <datafield ind1=' ' ind2=' ' tag='035'>
        <subfield code='a'>(GPO)80002671</subfield>
      </datafield>
      <datafield ind1=' ' ind2=' ' tag='037'>
        <subfield code='b'>20782</subfield>
      </datafield>
      <datafield ind1=' ' ind2=' ' tag='040'>
        <subfield code='a'>GPO</subfield>
        <subfield code='c'>GPO</subfield>
        <subfield code='d'>MvI-ran</subfield>
      </datafield>
      <datafield ind1=' ' ind2=' ' tag='043'>
        <subfield code='a'>n-us-hi</subfield>
      </datafield>
      <datafield ind1=' ' ind2=' ' tag='074'>
        <subfield code='a'>507-J-1</subfield>
      </datafield>
      <datafield ind1='0' ind2=' ' tag='086'>
        <subfield code='a'>HE 20.6617:H 31</subfield>
      </datafield>
      <datafield ind1='1' ind2=' ' tag='100'>
        <subfield code='a'>Budde, Norbert W.</subfield>
      </datafield>
      <datafield ind1='1' ind2='0' tag='245'>
        <subfield code='a'>Characteristics of physicians -- Hawaii :</subfield>
        <subfield code='b'>December 31, 1975 /</subfield>
        <subfield code='c'>written by Norbert W. Budde, Beverly C. Martin, Judith S. Warner ; prepared by Department of Health Systems Research, Center for Health Services Research and Development, American Medical Association.</subfield>
      </datafield>
      <datafield ind1=' ' ind2=' ' tag='260'>
        <subfield code='a'>[Hyattsville, Md.] :</subfield>
        <subfield code='b'>Dept. of Health, Education, and Welfare, Public Health Service, Health Resources Administration, Bureau of Health Manpower,</subfield>
        <subfield code='c'>1979.</subfield>
      </datafield>
      <datafield ind1=' ' ind2=' ' tag='300'>
        <subfield code='a'>xix, 59 p. ;</subfield>
        <subfield code='c'>28 cm.</subfield>
      </datafield>
      <datafield ind1=' ' ind2=' ' tag='500'>
        <subfield code='a'>Chiefly Tables.</subfield>
      </datafield>
      <datafield ind1=' ' ind2=' ' tag='500'>
        <subfield code='a'>Contract No. HRA 232-78-0163.</subfield>
      </datafield>
      <datafield ind1=' ' ind2=' ' tag='504'>
        <subfield code='a'>Includes bibliographical references.</subfield>
      </datafield>
      <datafield ind1=' ' ind2='0' tag='650'>
        <subfield code='a'>Physicians</subfield>
        <subfield code='z'>Hawaii</subfield>
        <subfield code='v'>Statistics.</subfield>
      </datafield>
      <datafield ind1='1' ind2=' ' tag='700'>
        <subfield code='a'>Martin, Beverly C.,</subfield>
        <subfield code='e'>author.</subfield>
      </datafield>
      <datafield ind1='1' ind2=' ' tag='700'>
        <subfield code='a'>Warner, Judith S.,</subfield>
        <subfield code='e'>author.</subfield>
      </datafield>
      <datafield ind1='1' ind2=' ' tag='710'>
        <subfield code='a'>United States.</subfield>
        <subfield code='b'>Health Resources Administration.</subfield>
        <subfield code='b'>Bureau of Health Manpower.</subfield>
      </datafield>
      <datafield ind1='2' ind2=' ' tag='710'>
        <subfield code='a'>Center for Health Services Research and Development (American Medical Association).</subfield>
        <subfield code='b'>Department of Health Systems Research.</subfield>
      </datafield>
      <datafield ind1=' ' ind2='0' tag='830'>
        <subfield code='a'>Health manpower references.</subfield>
      </datafield>
      <datafield ind1=' ' ind2='0' tag='830'>
        <subfield code='a'>DHEW publication ;</subfield>
        <subfield code='v'>no. (HRA) 79-112.</subfield>
      </datafield>
      <datafield ind1=' ' ind2=' ' tag='907'>
        <subfield code='a'>b3569537</subfield>
      </datafield>
      <datafield ind1='9' ind2='1' tag='999'>
        <subfield code='i'>i5007884</subfield>
        <subfield code='l'>dcpf</subfield>
        <subfield code='s'>-</subfield>
        <subfield code='t'>20</subfield>
        <subfield code='c'>1</subfield>
        <subfield code='o'>0</subfield>
        <subfield code='b'>HBAN-8452-00001</subfield>
        <subfield code='p'>086</subfield>
        <subfield code='q'>|aHE 20.6617:H 31</subfield>
      </datafield>
  </record>