
  <record>
    <leader>00000cas  2200277Ia 4500</leader>
      <controlfield tag='008'>751101d19111916ilutr p       0   a0eng d</controlfield>
      <controlfield tag='001'>1776706</controlfield>
      <controlfield tag='005'>19820708000000.0</controlfield>
      <datafield ind1=' ' ind2=' ' tag='040'>
        <subfield code='a'>MUL</subfield>
        <subfield code='c'>MUL</subfield>
        <subfield code='d'>NYG</subfield>
        <subfield code='d'>FUG</subfield>
        <subfield code='d'>NOC</subfield>
      </datafield>
      <datafield ind1='0' ind2='0' tag='245'>
        <subfield code='a'>Publications of the Society for the Advancement of Scandinavian Study</subfield>
        <subfield code='h'>[serial].</subfield>
      </datafield>
      <datafield ind1=' ' ind2=' ' tag='260'>
        <subfield code='a'>Urbana, Ill. :</subfield>
        <subfield code='b'>Society for the Advancement of Scandinavian Study.</subfield>
      </datafield>
      <datafield ind1=' ' ind2=' ' tag='300'>
        <subfield code='a'>3 v. ;</subfield>
        <subfield code='c'>23 cm.</subfield>
      </datafield>
      <datafield ind1='0' ind2=' ' tag='362'>
        <subfield code='a'>Vol. 1, no. 1 (June 1911)-v. 3, no. 3 (July 1916).</subfield>
      </datafield>
      <datafield ind1=' ' ind2=' ' tag='520'>
        <subfield code='a'>Includes proceedings of the Society.</subfield>
      </datafield>
      <datafield ind1=' ' ind2=' ' tag='555'>
        <subfield code='a'>Vols. 1 (1911)-3 (1916), with index for Scandinavian studies and notes.</subfield>
      </datafield>
      <datafield ind1=' ' ind2='0' tag='650'>
        <subfield code='a'>Scandinavian languages</subfield>
        <subfield code='v'>Periodicals.</subfield>
      </datafield>
      <datafield ind1=' ' ind2='0' tag='650'>
        <subfield code='a'>Scandinavian philology</subfield>
        <subfield code='v'>Periodicals.</subfield>
      </datafield>
      <datafield ind1='2' ind2=' ' tag='710'>
        <subfield code='a'>Society for the Advancement of Scandinavian Study (U.S.)</subfield>
      </datafield>
      <datafield ind1='0' ind2='0' tag='785'>
        <subfield code='t'>Scandinavian studies and notes</subfield>
        <subfield code='w'>(OCoLC)1776697</subfield>
      </datafield>
      <datafield ind1=' ' ind2=' ' tag='907'>
        <subfield code='a'>b1326739</subfield>
      </datafield>
      <datafield ind1='9' ind2='1' tag='999'>
        <subfield code='i'>i1766882</subfield>
        <subfield code='l'>dhca</subfield>
        <subfield code='s'>o</subfield>
        <subfield code='t'>3</subfield>
        <subfield code='c'>1</subfield>
        <subfield code='o'>0</subfield>
        <subfield code='b'>00044945621</subfield>
        <subfield code='p'>090</subfield>
        <subfield code='q'>|aPD1505|b.S6</subfield>
        <subfield code='v'>v.1(1911-1914)</subfield>
      </datafield>
      <datafield ind1='9' ind2='1' tag='999'>
        <subfield code='i'>i9691104</subfield>
        <subfield code='l'>dhca</subfield>
        <subfield code='s'>o</subfield>
        <subfield code='t'>3</subfield>
        <subfield code='c'>1</subfield>
        <subfield code='o'>0</subfield>
        <subfield code='b'>00044945630</subfield>
        <subfield code='p'>090</subfield>
        <subfield code='q'>|aPD1505|b.S6</subfield>
        <subfield code='v'>v.2(1914-1916)</subfield>
      </datafield>
      <datafield ind1='9' ind2='1' tag='999'>
        <subfield code='i'>i9691105</subfield>
        <subfield code='l'>dhca</subfield>
        <subfield code='s'>o</subfield>
        <subfield code='t'>3</subfield>
        <subfield code='c'>1</subfield>
        <subfield code='o'>0</subfield>
        <subfield code='b'>00044945649</subfield>
        <subfield code='p'>090</subfield>
        <subfield code='q'>|aPD1505|b.S6</subfield>
        <subfield code='v'>v.3(1916)</subfield>
      </datafield>
      <datafield ind1='9' ind2='2' tag='999'>
        <subfield code='a'>c1370220</subfield>
        <subfield code='b'>dhca</subfield>
        <subfield code='c'>0</subfield>
      </datafield>
      <datafield ind1='9' ind2='3' tag='999'>
        <subfield code='0'>c1370220</subfield>
        <subfield code='2'>852</subfield>
        <subfield code='3'>c</subfield>
        <subfield code='b'>555521</subfield>
        <subfield code='h'>PD1505</subfield>
        <subfield code='i'>.S6</subfield>
        <subfield code='x'>Later titles exist.</subfield>
      </datafield>
      <datafield ind1='9' ind2='3' tag='999'>
        <subfield code='0'>c1370220</subfield>
        <subfield code='2'>853</subfield>
        <subfield code='3'>y</subfield>
        <subfield code='8'>1</subfield>
        <subfield code='a'>v.</subfield>
        <subfield code='i'>(year)</subfield>
      </datafield>
      <datafield ind1='9' ind2='3' tag='999'>
        <subfield code='0'>c1370220</subfield>
        <subfield code='2'>866</subfield>
        <subfield code='3'>h</subfield>
        <subfield code='8'>1</subfield>
        <subfield code='a'>v.1(1911-1914)-v.3(1916)</subfield>
      </datafield>
  </record>