
  <record>
    <leader>00000cjma 2200313Ia 4500</leader>
      <controlfield tag='008'>960115s1995    nyucyn   d          eng d</controlfield>
      <controlfield tag='007'>sd fungnn|||e|</controlfield>
      <controlfield tag='001'>34033824</controlfield>
      <controlfield tag='003'>OCoLC</controlfield>
      <controlfield tag='005'>20080515104815.0</controlfield>
      <datafield ind1='1' ind2=' ' tag='024'>
        <subfield code='a'>074646740521</subfield>
      </datafield>
      <datafield ind1='0' ind2='2' tag='028'>
        <subfield code='a'>EK67405</subfield>
        <subfield code='b'>Epic</subfield>
      </datafield>
      <datafield ind1=' ' ind2=' ' tag='035'>
        <subfield code='a'>(OCoLC)34033824</subfield>
      </datafield>
      <datafield ind1=' ' ind2=' ' tag='040'>
        <subfield code='a'>JBL</subfield>
        <subfield code='c'>JBL</subfield>
        <subfield code='d'>SLC</subfield>
        <subfield code='d'>P@N</subfield>
        <subfield code='d'>BTCTA</subfield>
        <subfield code='d'>NOC</subfield>
      </datafield>
      <datafield ind1=' ' ind2=' ' tag='049'>
        <subfield code='a'>OFC#</subfield>
      </datafield>
      <datafield ind1='1' ind2=' ' tag='100'>
        <subfield code='a'>Diffie, Joe.</subfield>
      </datafield>
      <datafield ind1='1' ind2='0' tag='245'>
        <subfield code='a'>Life&apos;s so funny</subfield>
        <subfield code='h'>[sound recording] /</subfield>
        <subfield code='c'>Joe Diffie.</subfield>
      </datafield>
      <datafield ind1=' ' ind2=' ' tag='260'>
        <subfield code='a'>New York, NY :</subfield>
        <subfield code='b'>Epic,</subfield>
        <subfield code='c'>p1995.</subfield>
      </datafield>
      <datafield ind1=' ' ind2=' ' tag='300'>
        <subfield code='a'>1 sound disc :</subfield>
        <subfield code='b'>digital ;</subfield>
        <subfield code='c'>4 3/4 in.</subfield>
      </datafield>
      <datafield ind1=' ' ind2=' ' tag='500'>
        <subfield code='a'>Compact disc.</subfield>
      </datafield>
      <datafield ind1=' ' ind2=' ' tag='500'>
        <subfield code='a'>Lyrics on insert.</subfield>
      </datafield>
      <datafield ind1=' ' ind2=' ' tag='500'>
        <subfield code='a'>Special Collection material:  Use of audio or visual material may require production of listening or viewing copies before use.  Contact wilsonlibrary@unc.edu before visiting reading room for more information.</subfield>
      </datafield>
      <datafield ind1='0' ind2=' ' tag='505'>
        <subfield code='a'>Bigger than the Beatles -- Never mine to lose -- Down in a ditch -- Tears in the rain -- C-O-U-N-T-R-Y -- She loves me -- Back to the cave -- I&apos;m willing to try -- Whole lotta gone -- Life&apos;s so funny.</subfield>
      </datafield>
      <datafield ind1='0' ind2=' ' tag='511'>
        <subfield code='a'>Joe Diffie, vocals; with accompanying musicians.</subfield>
      </datafield>
      <datafield ind1=' ' ind2='0' tag='650'>
        <subfield code='a'>Country music</subfield>
        <subfield code='y'>1991-2000.</subfield>
      </datafield>
      <datafield ind1=' ' ind2=' ' tag='907'>
        <subfield code='a'>b5617998</subfield>
      </datafield>
      <datafield ind1='9' ind2='1' tag='999'>
        <subfield code='i'>i7356694</subfield>
        <subfield code='l'>wadb</subfield>
        <subfield code='s'>o</subfield>
        <subfield code='t'>49</subfield>
        <subfield code='c'>1</subfield>
        <subfield code='o'>0</subfield>
        <subfield code='p'>099</subfield>
        <subfield code='q'>|aCD-4746</subfield>
        <subfield code='n'>Special Collection material:  Use of audio or visual material may require production of listening or viewing copies before use.  Contact wilsonlibrary@unc.edu before visiting reading room for more information.</subfield>
      </datafield>
  </record>