
  <record>
    <leader>00000nam a2200541Ii 4500</leader>
      <controlfield tag='006'>m     o  d f</controlfield>
      <controlfield tag='007'>cr bn|||||||||</controlfield>
      <controlfield tag='008'>160719e199608  ohua    ot   f000 0 eng d</controlfield>
      <controlfield tag='001'>953734760</controlfield>
      <controlfield tag='003'>OCoLC</controlfield>
      <controlfield tag='005'>20160719140621.0</controlfield>
      <datafield ind1=' ' ind2=' ' tag='040'>
        <subfield code='a'>GPO</subfield>
        <subfield code='b'>eng</subfield>
        <subfield code='e'>rda</subfield>
        <subfield code='e'>pn</subfield>
        <subfield code='c'>GPO</subfield>
        <subfield code='d'>MvI</subfield>
      </datafield>
      <datafield ind1=' ' ind2=' ' tag='074'>
        <subfield code='a'>0830-D (online)</subfield>
      </datafield>
      <datafield ind1='0' ind2=' ' tag='086'>
        <subfield code='a'>NAS 1.15:107271</subfield>
      </datafield>
      <datafield ind1='1' ind2=' ' tag='100'>
        <subfield code='a'>Miner, R. V.,</subfield>
        <subfield code='e'>author.</subfield>
      </datafield>
      <datafield ind1='1' ind2='0' tag='245'>
        <subfield code='a'>Tensile properties of weldments in alloy GTD 222 /</subfield>
        <subfield code='c'>Robert V. Miner and Lawrence M. Huse.</subfield>
      </datafield>
      <datafield ind1=' ' ind2='1' tag='264'>
        <subfield code='a'>Cleveland, Ohio :</subfield>
        <subfield code='b'>National Aeronautics and Space Administration, Lewis Research Center,</subfield>
        <subfield code='c'>August 1996.</subfield>
      </datafield>
      <datafield ind1=' ' ind2=' ' tag='300'>
        <subfield code='a'>1 online resource (9 pages) :</subfield>
        <subfield code='b'>illustrations.</subfield>
      </datafield>
      <datafield ind1=' ' ind2=' ' tag='336'>
        <subfield code='a'>text</subfield>
        <subfield code='b'>txt</subfield>
        <subfield code='2'>rdacontent</subfield>
      </datafield>
      <datafield ind1=' ' ind2=' ' tag='337'>
        <subfield code='a'>computer</subfield>
        <subfield code='b'>c</subfield>
        <subfield code='2'>rdamedia</subfield>
      </datafield>
      <datafield ind1=' ' ind2=' ' tag='338'>
        <subfield code='a'>online resource</subfield>
        <subfield code='b'>cr</subfield>
        <subfield code='2'>rdacarrier</subfield>
      </datafield>
      <datafield ind1=' ' ind2=' ' tag='500'>
        <subfield code='a'>Title from title screen (viewed July 19, 2016).</subfield>
      </datafield>
      <datafield ind1=' ' ind2=' ' tag='500'>
        <subfield code='a'>&quot;August 1996.&quot;</subfield>
      </datafield>
      <datafield ind1=' ' ind2=' ' tag='500'>
        <subfield code='a'>&quot;Performing organization: National Aeronautics and Space Administration, Lewis Research Center&quot;--Report documentation page.</subfield>
      </datafield>
      <datafield ind1=' ' ind2=' ' tag='536'>
        <subfield code='a'>Sponsored by the National Aeronautics and Space Administration</subfield>
        <subfield code='d'>WU-538-06-13</subfield>
        <subfield code='d'>E-10338</subfield>
      </datafield>
      <datafield ind1=' ' ind2='7' tag='650'>
        <subfield code='a'>Gas turbine engines.</subfield>
        <subfield code='2'>nasat</subfield>
      </datafield>
      <datafield ind1=' ' ind2='7' tag='650'>
        <subfield code='a'>Nimonic alloys.</subfield>
        <subfield code='2'>nasat</subfield>
      </datafield>
      <datafield ind1=' ' ind2='7' tag='650'>
        <subfield code='a'>Nickel alloys.</subfield>
        <subfield code='2'>nasat</subfield>
      </datafield>
      <datafield ind1=' ' ind2='7' tag='650'>
        <subfield code='a'>Gas tungsten arc welding.</subfield>
        <subfield code='2'>nasat</subfield>
      </datafield>
      <datafield ind1=' ' ind2='7' tag='650'>
        <subfield code='a'>Welded joints.</subfield>
        <subfield code='2'>nasat</subfield>
      </datafield>
      <datafield ind1=' ' ind2='7' tag='650'>
        <subfield code='a'>Butt joints.</subfield>
        <subfield code='2'>nasat</subfield>
      </datafield>
      <datafield ind1=' ' ind2='7' tag='650'>
        <subfield code='a'>Tensile strength.</subfield>
        <subfield code='2'>nasat</subfield>
      </datafield>
      <datafield ind1='1' ind2=' ' tag='700'>
        <subfield code='a'>Huse, Lawrence M.,</subfield>
        <subfield code='e'>author.</subfield>
      </datafield>
      <datafield ind1='2' ind2=' ' tag='710'>
        <subfield code='a'>Lewis Research Center,</subfield>
        <subfield code='e'>issuing body.</subfield>
      </datafield>
      <datafield ind1='1' ind2=' ' tag='710'>
        <subfield code='a'>United States.</subfield>
        <subfield code='b'>National Aeronautics and Space Administration,</subfield>
        <subfield code='e'>sponsoring body.</subfield>
      </datafield>
      <datafield ind1='0' ind2='8' tag='776'>
        <subfield code='i'>Microfiche version:</subfield>
        <subfield code='a'>Miner, Robert V.</subfield>
        <subfield code='t'>Tensile properties of weldments in alloy GTD 222</subfield>
        <subfield code='w'>(OCoLC)39682210</subfield>
      </datafield>
      <datafield ind1=' ' ind2='0' tag='830'>
        <subfield code='a'>NASA technical memorandum ;</subfield>
        <subfield code='v'>107271.</subfield>
      </datafield>
      <datafield ind1='4' ind2='0' tag='856'>
        <subfield code='u'>http://purl.fdlp.gov/GPO/gpo69481</subfield>
      </datafield>
      <datafield ind1=' ' ind2=' ' tag='919'>
        <subfield code='a'>dwsgpo</subfield>
      </datafield>
      <datafield ind1=' ' ind2=' ' tag='907'>
        <subfield code='a'>b8548697</subfield>
      </datafield>
  </record>