
  <record>
    <leader>00000cam a2200625Ia 4500</leader>
      <controlfield tag='006'>m     o  d</controlfield>
      <controlfield tag='007'>cr cn||||||||a</controlfield>
      <controlfield tag='008'>100817s2009    nyua    ob    001 0 eng d</controlfield>
      <controlfield tag='001'>656394823wcm</controlfield>
      <controlfield tag='003'>OCoLC</controlfield>
      <controlfield tag='005'>20150409070020.4</controlfield>
      <datafield ind1=' ' ind2=' ' tag='019'>
        <subfield code='a'>647897669wcm</subfield>
        <subfield code='a'>767182120wcm</subfield>
        <subfield code='a'>880310920wcm</subfield>
      </datafield>
      <datafield ind1=' ' ind2=' ' tag='020'>
        <subfield code='a'>0387786066</subfield>
      </datafield>
      <datafield ind1=' ' ind2=' ' tag='020'>
        <subfield code='a'>9780387786063</subfield>
      </datafield>
      <datafield ind1=' ' ind2=' ' tag='020'>
        <subfield code='z'>0387786058</subfield>
      </datafield>
      <datafield ind1=' ' ind2=' ' tag='020'>
        <subfield code='z'>9780387786056</subfield>
      </datafield>
      <datafield ind1=' ' ind2=' ' tag='035'>
        <subfield code='a'>(OCoLC)656394823</subfield>
        <subfield code='z'>(OCoLC)647897669</subfield>
        <subfield code='z'>(OCoLC)767182120</subfield>
        <subfield code='z'>(OCoLC)880310920</subfield>
      </datafield>
      <datafield ind1=' ' ind2=' ' tag='040'>
        <subfield code='a'>GW5XE</subfield>
        <subfield code='b'>eng</subfield>
        <subfield code='e'>pn</subfield>
        <subfield code='c'>GW5XE</subfield>
        <subfield code='d'>EBLCP</subfield>
        <subfield code='d'>CDX</subfield>
        <subfield code='d'>OCLCQ</subfield>
        <subfield code='d'>E7B</subfield>
        <subfield code='d'>OCLCQ</subfield>
        <subfield code='d'>OCLCF</subfield>
        <subfield code='d'>BEDGE</subfield>
        <subfield code='d'>OCLCQ</subfield>
        <subfield code='d'>SLY</subfield>
      </datafield>
      <datafield ind1=' ' ind2='4' tag='050'>
        <subfield code='a'>QC715.15</subfield>
        <subfield code='b'>.G43 2009</subfield>
      </datafield>
      <datafield ind1='0' ind2='4' tag='082'>
        <subfield code='a'>537.54</subfield>
        <subfield code='2'>22</subfield>
      </datafield>
      <datafield ind1='1' ind2=' ' tag='100'>
        <subfield code='a'>Ghatak, Kamakhya Prasad.</subfield>
      </datafield>
      <datafield ind1='1' ind2='0' tag='245'>
        <subfield code='a'>Photoemission from optoelectronic materials and their nanostructures</subfield>
        <subfield code='h'>[electronic resource] /</subfield>
        <subfield code='c'>Kamakhya Prasad Ghatak, Debashis De, Sitangshu Bhattacharya.</subfield>
      </datafield>
      <datafield ind1=' ' ind2=' ' tag='260'>
        <subfield code='a'>New York :</subfield>
        <subfield code='b'>Springer,</subfield>
        <subfield code='c'>2009.</subfield>
      </datafield>
      <datafield ind1=' ' ind2=' ' tag='300'>
        <subfield code='a'>1 online resource (xix, 329 pages) :</subfield>
        <subfield code='b'>illustrations</subfield>
      </datafield>
      <datafield ind1=' ' ind2=' ' tag='336'>
        <subfield code='a'>text</subfield>
        <subfield code='b'>txt</subfield>
        <subfield code='2'>rdacontent</subfield>
      </datafield>
      <datafield ind1=' ' ind2=' ' tag='337'>
        <subfield code='a'>computer</subfield>
        <subfield code='b'>c</subfield>
        <subfield code='2'>rdamedia</subfield>
      </datafield>
      <datafield ind1=' ' ind2=' ' tag='338'>
        <subfield code='a'>online resource</subfield>
        <subfield code='b'>cr</subfield>
        <subfield code='2'>rdacarrier</subfield>
      </datafield>
      <datafield ind1=' ' ind2=' ' tag='504'>
        <subfield code='a'>Includes bibliographical references and indexes.</subfield>
      </datafield>
      <datafield ind1='1' ind2=' ' tag='506'>
        <subfield code='a'>Access limited to UNC Chapel Hill-authenticated users.</subfield>
        <subfield code='f'>Unlimited simultaneous users</subfield>
      </datafield>
      <datafield ind1='0' ind2=' ' tag='588'>
        <subfield code='a'>Print version record.</subfield>
      </datafield>
      <datafield ind1=' ' ind2='0' tag='650'>
        <subfield code='a'>Nanostructured materials.</subfield>
      </datafield>
      <datafield ind1=' ' ind2='0' tag='650'>
        <subfield code='a'>Photoemission.</subfield>
      </datafield>
      <datafield ind1=' ' ind2='7' tag='650'>
        <subfield code='a'>Nanostructured materials.</subfield>
        <subfield code='2'>fast</subfield>
        <subfield code='0'>(OCoLC)fst01032630</subfield>
      </datafield>
      <datafield ind1=' ' ind2='7' tag='650'>
        <subfield code='a'>Photoemission.</subfield>
        <subfield code='2'>fast</subfield>
        <subfield code='0'>(OCoLC)fst01061564</subfield>
      </datafield>
      <datafield ind1='0' ind2='7' tag='650'>
        <subfield code='a'>Engineering.</subfield>
        <subfield code='2'>cct</subfield>
      </datafield>
      <datafield ind1='0' ind2='7' tag='650'>
        <subfield code='a'>Nanostructured materials.</subfield>
        <subfield code='2'>cct</subfield>
      </datafield>
      <datafield ind1='0' ind2='7' tag='650'>
        <subfield code='a'>Nanostructures.</subfield>
        <subfield code='2'>cct</subfield>
      </datafield>
      <datafield ind1='0' ind2='7' tag='650'>
        <subfield code='a'>Optoélectronique</subfield>
        <subfield code='x'>Matériaux.</subfield>
        <subfield code='2'>cct</subfield>
      </datafield>
      <datafield ind1='0' ind2='7' tag='650'>
        <subfield code='a'>Photoemission.</subfield>
        <subfield code='2'>cct</subfield>
      </datafield>
      <datafield ind1='0' ind2='7' tag='650'>
        <subfield code='a'>Photoémission.</subfield>
        <subfield code='2'>cct</subfield>
      </datafield>
      <datafield ind1='1' ind2=' ' tag='700'>
        <subfield code='a'>Bhattacharya, Sitangshu.</subfield>
      </datafield>
      <datafield ind1='1' ind2=' ' tag='700'>
        <subfield code='a'>De, Debashis.</subfield>
      </datafield>
      <datafield ind1='0' ind2=' ' tag='773'>
        <subfield code='t'>OCLC WorldShare Collection Manager managed collection. EbookMain</subfield>
      </datafield>
      <datafield ind1='0' ind2=' ' tag='773'>
        <subfield code='t'>Springer e-books (online collection). Chemistry and materials science. 2009</subfield>
      </datafield>
      <datafield ind1='0' ind2='8' tag='776'>
        <subfield code='i'>Print version:</subfield>
        <subfield code='a'>Ghatak, Kamakhya Prasad.</subfield>
        <subfield code='t'>Photoemission from optoelectronic materials and their nanostructures.</subfield>
        <subfield code='d'>New York : Springer, 2009</subfield>
        <subfield code='z'>9780387786056</subfield>
        <subfield code='z'>0387786058</subfield>
        <subfield code='w'>(DLC)  2009928695</subfield>
        <subfield code='w'>(OCoLC)428028021</subfield>
      </datafield>
      <datafield ind1=' ' ind2='0' tag='830'>
        <subfield code='a'>Nanostructure science and technology.</subfield>
      </datafield>
      <datafield ind1='4' ind2='0' tag='856'>
        <subfield code='u'>http://libproxy.lib.unc.edu/login?url=http://link.springer.com/10.1007/978-0-387-78606-3</subfield>
        <subfield code='y'>Full text available via the UNC-Chapel Hill Libraries</subfield>
      </datafield>
      <datafield ind1=' ' ind2='1' tag='907'>
        <subfield code='a'>b6380983</subfield>
      </datafield>
  </record>