
  <record>
    <leader>00000nam a2200373 a 4500</leader>
      <controlfield tag='006'>m     o  d</controlfield>
      <controlfield tag='007'>cr cn||||||||a</controlfield>
      <controlfield tag='008'>120209s2011    cm af   ob    000 0 eng d</controlfield>
      <controlfield tag='001'>ebr10524399</controlfield>
      <controlfield tag='003'>CaPaEBR</controlfield>
      <datafield ind1=' ' ind2=' ' tag='020'>
        <subfield code='z'>9956726656</subfield>
      </datafield>
      <datafield ind1=' ' ind2=' ' tag='020'>
        <subfield code='z'>9789956726653</subfield>
      </datafield>
      <datafield ind1=' ' ind2=' ' tag='020'>
        <subfield code='a'>9789956726554 (e-book)</subfield>
      </datafield>
      <datafield ind1=' ' ind2=' ' tag='035'>
        <subfield code='a'>(OCoLC)778434421</subfield>
      </datafield>
      <datafield ind1=' ' ind2=' ' tag='040'>
        <subfield code='a'>CaPaEBR</subfield>
        <subfield code='c'>CaPaEBR</subfield>
      </datafield>
      <datafield ind1=' ' ind2=' ' tag='043'>
        <subfield code='a'>f------</subfield>
      </datafield>
      <datafield ind1='1' ind2='4' tag='050'>
        <subfield code='a'>GN645</subfield>
        <subfield code='b'>.P67 2011eb</subfield>
      </datafield>
      <datafield ind1='0' ind2='4' tag='245'>
        <subfield code='a'>The postcolonial turn</subfield>
        <subfield code='h'>[electronic resource] :</subfield>
        <subfield code='b'>[re-imagining anthropology and Africa] /</subfield>
        <subfield code='c'>edited by René Devisch, Francis Nyamnjoh.</subfield>
      </datafield>
      <datafield ind1=' ' ind2=' ' tag='260'>
        <subfield code='a'>Bamenda, Cameroon :</subfield>
        <subfield code='b'>Langaa RPCIG,</subfield>
        <subfield code='c'>2011.</subfield>
      </datafield>
      <datafield ind1=' ' ind2=' ' tag='300'>
        <subfield code='a'>1 online resource (xv, 448 p., [1] p. of plates) :</subfield>
        <subfield code='b'>ill.</subfield>
      </datafield>
      <datafield ind1=' ' ind2=' ' tag='504'>
        <subfield code='a'>Includes bibliographical references.</subfield>
      </datafield>
      <datafield ind1='0' ind2=' ' tag='505'>
        <subfield code='a'>pt. 1. A staunch critique of intellectual colonialism and the pursuit of sociocultural endogeneity -- pt. 2. Bifocality at the core of the borderlinking anthropological endeavour -- pt. 3. Cross-pollination in African academe between cosmopolitan sciences and local knowledge -- pt. 4. Toward the local domestication of the ruling modern logic: the &apos;clash of civilisations&apos; revisited.</subfield>
      </datafield>
      <datafield ind1='1' ind2=' ' tag='506'>
        <subfield code='a'>Access limited to UNC Chapel Hill-authenticated users.</subfield>
        <subfield code='f'>Unlimited simultaneous users</subfield>
      </datafield>
      <datafield ind1=' ' ind2='0' tag='650'>
        <subfield code='a'>Anthropology</subfield>
        <subfield code='z'>Africa.</subfield>
      </datafield>
      <datafield ind1=' ' ind2='0' tag='650'>
        <subfield code='a'>Postcolonialism</subfield>
        <subfield code='z'>Africa.</subfield>
      </datafield>
      <datafield ind1='1' ind2=' ' tag='700'>
        <subfield code='a'>Devisch, Rene.</subfield>
      </datafield>
      <datafield ind1='1' ind2=' ' tag='700'>
        <subfield code='a'>Nyamnjoh, Francis B.,</subfield>
        <subfield code='d'>1961-</subfield>
      </datafield>
      <datafield ind1='0' ind2=' ' tag='773'>
        <subfield code='t'>Ebrary academic complete (online collection)</subfield>
      </datafield>
      <datafield ind1='4' ind2='0' tag='856'>
        <subfield code='y'>Full text available via the UNC-Chapel Hill Libraries</subfield>
        <subfield code='u'>http://libproxy.lib.unc.edu/login?url=http://site.ebrary.com/lib/uncch/Doc?id=10524399</subfield>
      </datafield>
      <datafield ind1=' ' ind2=' ' tag='907'>
        <subfield code='a'>b8078119</subfield>
      </datafield>
  </record>