
  <record>
    <leader>00000cam  2200241 a 4500</leader>
      <controlfield tag='008'>870414s1986    enkb     b    001 0 eng  </controlfield>
      <controlfield tag='001'>13902617</controlfield>
      <controlfield tag='005'>19870414000000.0</controlfield>
      <datafield ind1=' ' ind2=' ' tag='010'>
        <subfield code='a'>86017636</subfield>
      </datafield>
      <datafield ind1=' ' ind2=' ' tag='020'>
        <subfield code='a'>0521327237</subfield>
      </datafield>
      <datafield ind1=' ' ind2=' ' tag='040'>
        <subfield code='a'>DLC</subfield>
        <subfield code='c'>DLC</subfield>
        <subfield code='d'>NOC</subfield>
      </datafield>
      <datafield ind1=' ' ind2=' ' tag='043'>
        <subfield code='a'>e-ur---</subfield>
      </datafield>
      <datafield ind1='0' ind2=' ' tag='082'>
        <subfield code='a'>322.4/2/0947</subfield>
        <subfield code='2'>19</subfield>
      </datafield>
      <datafield ind1='1' ind2=' ' tag='100'>
        <subfield code='a'>Offord, Derek.</subfield>
      </datafield>
      <datafield ind1='1' ind2='4' tag='245'>
        <subfield code='a'>The Russian revolutionary movement in the 1880s /</subfield>
        <subfield code='c'>Derek Offord.</subfield>
      </datafield>
      <datafield ind1=' ' ind2=' ' tag='260'>
        <subfield code='a'>Cambridge [Cambridgeshire] ;</subfield>
        <subfield code='a'>New York :</subfield>
        <subfield code='b'>Cambridge University Press,</subfield>
        <subfield code='c'>1986.</subfield>
      </datafield>
      <datafield ind1=' ' ind2=' ' tag='300'>
        <subfield code='a'>xvii, 213 p. :</subfield>
        <subfield code='b'>map ;</subfield>
        <subfield code='c'>24 cm.</subfield>
      </datafield>
      <datafield ind1=' ' ind2=' ' tag='500'>
        <subfield code='a'>Includes index.</subfield>
      </datafield>
      <datafield ind1=' ' ind2=' ' tag='504'>
        <subfield code='a'>Bibliography: p. 197-207.</subfield>
      </datafield>
      <datafield ind1=' ' ind2='0' tag='650'>
        <subfield code='a'>Populism</subfield>
        <subfield code='z'>Soviet Union</subfield>
        <subfield code='x'>History</subfield>
        <subfield code='y'>19th century.</subfield>
      </datafield>
      <datafield ind1=' ' ind2='0' tag='650'>
        <subfield code='a'>Socialism</subfield>
        <subfield code='z'>Soviet Union</subfield>
        <subfield code='x'>History</subfield>
        <subfield code='y'>19th century.</subfield>
      </datafield>
      <datafield ind1=' ' ind2='0' tag='650'>
        <subfield code='a'>Revolutionaries</subfield>
        <subfield code='z'>Soviet Union</subfield>
        <subfield code='x'>History</subfield>
        <subfield code='y'>19th century.</subfield>
      </datafield>
      <datafield ind1=' ' ind2='0' tag='651'>
        <subfield code='a'>Russia</subfield>
        <subfield code='x'>Politics and government</subfield>
        <subfield code='y'>1801-1917.</subfield>
      </datafield>
      <datafield ind1=' ' ind2=' ' tag='907'>
        <subfield code='a'>b2129661</subfield>
      </datafield>
      <datafield ind1='9' ind2='1' tag='999'>
        <subfield code='i'>i3075674</subfield>
        <subfield code='l'>trln</subfield>
        <subfield code='s'>-</subfield>
        <subfield code='t'>0</subfield>
        <subfield code='c'>1</subfield>
        <subfield code='o'>4</subfield>
        <subfield code='b'>00003914090</subfield>
        <subfield code='p'>090</subfield>
        <subfield code='q'>|aHX313 .O36 1986</subfield>
      </datafield>
  </record>