
  <record>
    <leader>00000cam  2200265Ia 4500</leader>
      <controlfield tag='008'>850218s1904    sp            000 0 cat d</controlfield>
      <controlfield tag='001'>11703911</controlfield>
      <controlfield tag='005'>19850218000000.0</controlfield>
      <datafield ind1=' ' ind2=' ' tag='040'>
        <subfield code='a'>NOC</subfield>
        <subfield code='c'>NOC</subfield>
      </datafield>
      <datafield ind1='1' ind2=' ' tag='100'>
        <subfield code='a'>Firmat Noguera, Jaime.</subfield>
      </datafield>
      <datafield ind1='1' ind2='2' tag='245'>
        <subfield code='a'>L&apos;herencia del dos germans :</subfield>
        <subfield code='b'>drama en dos actes y en prosa /</subfield>
        <subfield code='c'>original de Jaume Firmat Noguera.</subfield>
      </datafield>
      <datafield ind1=' ' ind2=' ' tag='260'>
        <subfield code='a'>Manresa :</subfield>
        <subfield code='b'>Impr. del Comers,</subfield>
        <subfield code='c'>1904.</subfield>
      </datafield>
      <datafield ind1=' ' ind2=' ' tag='300'>
        <subfield code='a'>34 p. ;</subfield>
        <subfield code='c'>20 cm.</subfield>
      </datafield>
      <datafield ind1=' ' ind2=' ' tag='500'>
        <subfield code='a'>On cover: Societat d&apos;Autors Espanyols ; Biblioteca Lírich-dramàtica y Teatre Còmich.</subfield>
      </datafield>
      <datafield ind1=' ' ind2=' ' tag='500'>
        <subfield code='a'>No. 17, in vol. 188 with binder&apos;s title: Teatro Español : serie A.</subfield>
      </datafield>
      <datafield ind1=' ' ind2=' ' tag='530'>
        <subfield code='a'>Also available via the World Wide Web.</subfield>
      </datafield>
      <datafield ind1='4' ind2='1' tag='856'>
        <subfield code='y'>Full text available via the UNC-Chapel Hill Libraries</subfield>
        <subfield code='u'>https://archive.org/details/lherenciadeldosg18817firm</subfield>
      </datafield>
      <datafield ind1=' ' ind2=' ' tag='907'>
        <subfield code='a'>b2015015</subfield>
      </datafield>
      <datafield ind1='9' ind2='1' tag='999'>
        <subfield code='i'>i2914091</subfield>
        <subfield code='l'>wcda</subfield>
        <subfield code='s'>o</subfield>
        <subfield code='t'>0</subfield>
        <subfield code='c'>1</subfield>
        <subfield code='o'>0</subfield>
        <subfield code='b'>HAKE-2967-00001</subfield>
        <subfield code='p'>090</subfield>
        <subfield code='q'>|aPQ6217 .T44 v. 188, no. 17</subfield>
      </datafield>
      <datafield ind1='9' ind2='2' tag='999'>
        <subfield code='a'>c2237189</subfield>
        <subfield code='b'>wcda</subfield>
        <subfield code='c'>0</subfield>
      </datafield>
      <datafield ind1='9' ind2='3' tag='999'>
        <subfield code='0'>c2237189</subfield>
        <subfield code='2'>852</subfield>
        <subfield code='3'>c</subfield>
        <subfield code='b'>572211</subfield>
        <subfield code='h'>PQ6217</subfield>
        <subfield code='i'>.T44 v. 188, no. 17</subfield>
      </datafield>
      <datafield ind1='9' ind2='3' tag='999'>
        <subfield code='0'>c2237189</subfield>
        <subfield code='2'>852</subfield>
        <subfield code='3'>e</subfield>
        <subfield code='p'>HAKE-2967-00001</subfield>
        <subfield code='t'>1</subfield>
      </datafield>
  </record>