
  <record>
    <leader>00000cam a22003491a 4500</leader>
      <controlfield tag='006'>m    |o  d |</controlfield>
      <controlfield tag='008'>790309s1828    enk     o     000 1 eng  </controlfield>
      <controlfield tag='007'>cr |n||||||||n</controlfield>
      <controlfield tag='001'>NCCO006667</controlfield>
      <controlfield tag='003'>MiFhGG</controlfield>
      <controlfield tag='005'>20130202003805.0</controlfield>
      <datafield ind1=' ' ind2=' ' tag='035'>
        <subfield code='a'>(OCoLC)830960162</subfield>
      </datafield>
      <datafield ind1=' ' ind2=' ' tag='040'>
        <subfield code='a'>MIGCL</subfield>
        <subfield code='c'>UtOrBLW</subfield>
      </datafield>
      <datafield ind1=' ' ind2=' ' tag='043'>
        <subfield code='a'>a-ii---</subfield>
      </datafield>
      <datafield ind1='1' ind2=' ' tag='100'>
        <subfield code='a'>Monkland,</subfield>
        <subfield code='c'>Mrs.</subfield>
      </datafield>
      <datafield ind1='1' ind2='0' tag='245'>
        <subfield code='a'>Life in India, or, The English at Calcutta</subfield>
        <subfield code='h'>[electronic resource] :</subfield>
        <subfield code='b'>in three volumes.</subfield>
      </datafield>
      <datafield ind1='3' ind2='0' tag='246'>
        <subfield code='a'>English at Calcutta</subfield>
      </datafield>
      <datafield ind1=' ' ind2=' ' tag='260'>
        <subfield code='a'>London :</subfield>
        <subfield code='b'>H. Colburn,</subfield>
        <subfield code='c'>1828</subfield>
        <subfield code='f'>(J.B. Nichols and Son)</subfield>
      </datafield>
      <datafield ind1=' ' ind2=' ' tag='300'>
        <subfield code='a'>1 online resource (3 v.).</subfield>
      </datafield>
      <datafield ind1=' ' ind2=' ' tag='500'>
        <subfield code='a'>Publisher&apos;s advertisement: [4] p. at end (vol. 3).</subfield>
      </datafield>
      <datafield ind1=' ' ind2=' ' tag='500'>
        <subfield code='a'>Attributed to Anne Catharine Monkland.</subfield>
      </datafield>
      <datafield ind1='1' ind2=' ' tag='506'>
        <subfield code='a'>Access limited to UNC Chapel Hill-authenticated users.</subfield>
        <subfield code='f'>Unlimited simultaneous users</subfield>
      </datafield>
      <datafield ind1=' ' ind2='0' tag='650'>
        <subfield code='a'>British</subfield>
        <subfield code='z'>India</subfield>
        <subfield code='v'>Fiction.</subfield>
      </datafield>
      <datafield ind1=' ' ind2='0' tag='651'>
        <subfield code='a'>Kolkata (India)</subfield>
        <subfield code='v'>Fiction.</subfield>
      </datafield>
      <datafield ind1='0' ind2=' ' tag='773'>
        <subfield code='t'>Nineteenth century collections online (online collection). European literature, 1790-1840: the Corvey collection. E-books</subfield>
      </datafield>
      <datafield ind1='4' ind2='0' tag='856'>
        <subfield code='y'>Full text available via the UNC-Chapel Hill Libraries</subfield>
        <subfield code='u'>http://libproxy.lib.unc.edu/login?url=http://ncco.galegroup.com/gdc/ncco/MonographsDetailsPage/MonographsDetailsWindow?disableHighlighting=false&amp;prodId=NCCO&amp;action=1&amp;activityType=BasicSearch&amp;javax.portlet.action=viewPortletAction&amp;documentId=GALE%7CFLSUZW669147611&amp;dviSelectedPage=1&amp;userGroupName=unc_main</subfield>
        <subfield code='x'>NCCO</subfield>
      </datafield>
      <datafield ind1=' ' ind2=' ' tag='919'>
        <subfield code='a'>NCCO</subfield>
      </datafield>
      <datafield ind1=' ' ind2=' ' tag='907'>
        <subfield code='a'>b7364357</subfield>
      </datafield>
  </record>