
  <record>
    <leader>00000cam  2200349K  4500</leader>
      <controlfield tag='006'>m        d</controlfield>
      <controlfield tag='008'>081021s1905    nyubc   o     000 0 eng d</controlfield>
      <controlfield tag='007'>cr cnu||||||||</controlfield>
      <controlfield tag='001'>263031367</controlfield>
      <controlfield tag='003'>OCoLC</controlfield>
      <controlfield tag='005'>20100714014504.0</controlfield>
      <datafield ind1=' ' ind2=' ' tag='035'>
        <subfield code='a'>(OCoLC)263031367</subfield>
      </datafield>
      <datafield ind1=' ' ind2=' ' tag='040'>
        <subfield code='a'>OCLCE</subfield>
        <subfield code='b'>eng</subfield>
        <subfield code='c'>OCLCE</subfield>
        <subfield code='d'>OCLCQ</subfield>
        <subfield code='d'>NOC</subfield>
      </datafield>
      <datafield ind1=' ' ind2=' ' tag='043'>
        <subfield code='a'>n-us---</subfield>
      </datafield>
      <datafield ind1=' ' ind2=' ' tag='049'>
        <subfield code='a'>NOCC</subfield>
      </datafield>
      <datafield ind1=' ' ind2='4' tag='050'>
        <subfield code='a'>E467.W43</subfield>
        <subfield code='b'>E5</subfield>
      </datafield>
      <datafield ind1='1' ind2=' ' tag='100'>
        <subfield code='a'>Ellicott, John M.</subfield>
        <subfield code='q'>(John Morris),</subfield>
        <subfield code='d'>1859-1955.</subfield>
      </datafield>
      <datafield ind1='1' ind2='4' tag='245'>
        <subfield code='a'>The life of John Ancrum Winslow</subfield>
        <subfield code='h'>[electronic resource]</subfield>
        <subfield code='b'>rear-admiral, United States navy, who commanded the U.S. steamer &quot;Kearsarge&quot; in her action with the Confederate cruiser &quot;Alabama&quot;;</subfield>
        <subfield code='c'>by John M. Elliot.</subfield>
      </datafield>
      <datafield ind1=' ' ind2=' ' tag='250'>
        <subfield code='a'>2nd ed.</subfield>
      </datafield>
      <datafield ind1=' ' ind2=' ' tag='260'>
        <subfield code='a'>New York and London :</subfield>
        <subfield code='b'>G.P. Putnam&apos;s Sons,</subfield>
        <subfield code='c'>1905.</subfield>
      </datafield>
      <datafield ind1=' ' ind2=' ' tag='300'>
        <subfield code='a'>1 online resource (x p., 1 l., 281 p.) :</subfield>
        <subfield code='b'>front. (port.) 3 pl., 2 maps, diagr.</subfield>
      </datafield>
      <datafield ind1=' ' ind2=' ' tag='504'>
        <subfield code='a'>&quot;Works consulted&quot;: p. xi-xii.</subfield>
      </datafield>
      <datafield ind1=' ' ind2=' ' tag='588'>
        <subfield code='a'>Description based on print version record.</subfield>
      </datafield>
      <datafield ind1='1' ind2='0' tag='600'>
        <subfield code='a'>Winslow, John Ancrum,</subfield>
        <subfield code='d'>1811-1873.</subfield>
      </datafield>
      <datafield ind1='2' ind2='0' tag='610'>
        <subfield code='a'>Alabama (Screw sloop)</subfield>
      </datafield>
      <datafield ind1=' ' ind2='0' tag='651'>
        <subfield code='a'>United States</subfield>
        <subfield code='x'>History</subfield>
        <subfield code='y'>Civil War, 1861-1865</subfield>
        <subfield code='x'>Naval operations.</subfield>
      </datafield>
      <datafield ind1='0' ind2='8' tag='776'>
        <subfield code='i'>Print version:</subfield>
        <subfield code='a'>Ellicott, John M. (John Morris), 1859-1955.</subfield>
        <subfield code='t'>Life of John Ancrum Winslow.</subfield>
        <subfield code='b'>2nd ed.</subfield>
        <subfield code='d'>New York and London, G.P. Putnam&apos;s Sons, 1905</subfield>
        <subfield code='w'>(OCoLC)17692958</subfield>
      </datafield>
      <datafield ind1='4' ind2='1' tag='856'>
        <subfield code='y'>Full text available via the UNC-Chapel Hill Libraries</subfield>
        <subfield code='u'>http://archive.org/search.php?sort=publicdate&amp;query=scanningcenter%3Achapelhill+AND+mediatype%3Atexts+AND+call_number%3Ab5778304</subfield>
        <subfield code='x'>http://www.archive.org/details/lifeofjohnancrum00elli</subfield>
      </datafield>
      <datafield ind1=' ' ind2=' ' tag='907'>
        <subfield code='a'>b6363649</subfield>
      </datafield>
  </record>