
  <record>
    <leader>00000cam  2200217 a 4500</leader>
      <controlfield tag='008'>870206s1985    uy       b    000 0 spa  </controlfield>
      <controlfield tag='001'>14097892</controlfield>
      <controlfield tag='005'>19870206000000.0</controlfield>
      <datafield ind1=' ' ind2=' ' tag='010'>
        <subfield code='a'>86139923</subfield>
      </datafield>
      <datafield ind1=' ' ind2=' ' tag='040'>
        <subfield code='a'>DLC</subfield>
        <subfield code='c'>DLC</subfield>
        <subfield code='d'>NOC</subfield>
      </datafield>
      <datafield ind1=' ' ind2=' ' tag='043'>
        <subfield code='a'>s-uy---</subfield>
      </datafield>
      <datafield ind1='0' ind2=' ' tag='082'>
        <subfield code='a'>303.4/83/09895</subfield>
        <subfield code='2'>19</subfield>
      </datafield>
      <datafield ind1='1' ind2=' ' tag='100'>
        <subfield code='a'>Argenti, Gisela.</subfield>
      </datafield>
      <datafield ind1='1' ind2='0' tag='245'>
        <subfield code='a'>Tecnología y sociedad :</subfield>
        <subfield code='b'>algunas precisiones para el caso uruguayo /</subfield>
        <subfield code='c'>Gisela Argenti, Carlos Filgueira.</subfield>
      </datafield>
      <datafield ind1=' ' ind2=' ' tag='260'>
        <subfield code='a'>Montevideo, Uruguay :</subfield>
        <subfield code='b'>Centro de Informaciones y Estudios del Uruguay :</subfield>
        <subfield code='b'>Ediciones de la Banda Oriental,</subfield>
        <subfield code='c'>1985.</subfield>
      </datafield>
      <datafield ind1=' ' ind2=' ' tag='300'>
        <subfield code='a'>76 p. ;</subfield>
        <subfield code='c'>19 cm.</subfield>
      </datafield>
      <datafield ind1=' ' ind2=' ' tag='504'>
        <subfield code='a'>Bibliography: p. [75]-76.</subfield>
      </datafield>
      <datafield ind1=' ' ind2='0' tag='650'>
        <subfield code='a'>Technology</subfield>
        <subfield code='x'>Social aspects</subfield>
        <subfield code='z'>Uruguay.</subfield>
      </datafield>
      <datafield ind1='1' ind2=' ' tag='700'>
        <subfield code='a'>Filgueira, Carlos H.</subfield>
      </datafield>
      <datafield ind1=' ' ind2='0' tag='830'>
        <subfield code='a'>Cuaderno (Centro de Informaciones y Estudios del Uruguay) ;</subfield>
        <subfield code='v'>no. 51.</subfield>
      </datafield>
      <datafield ind1=' ' ind2=' ' tag='907'>
        <subfield code='a'>b2136357</subfield>
      </datafield>
      <datafield ind1='9' ind2='1' tag='999'>
        <subfield code='i'>i3085166</subfield>
        <subfield code='l'>trln</subfield>
        <subfield code='s'>-</subfield>
        <subfield code='t'>0</subfield>
        <subfield code='c'>1</subfield>
        <subfield code='o'>0</subfield>
        <subfield code='b'>00003815009</subfield>
        <subfield code='p'>090</subfield>
        <subfield code='q'>|aT14.5 .A73 1985</subfield>
      </datafield>
  </record>