
  <record>
    <leader>00000cam  2200289Ia 4500</leader>
      <controlfield tag='008'>880825s1984    sa       b    100 0 eng d</controlfield>
      <controlfield tag='001'>18399426</controlfield>
      <controlfield tag='005'>19960524080035.0</controlfield>
      <datafield ind1=' ' ind2=' ' tag='020'>
        <subfield code='a'>0799206474</subfield>
      </datafield>
      <datafield ind1=' ' ind2=' ' tag='040'>
        <subfield code='a'>TFW</subfield>
        <subfield code='c'>TFW</subfield>
        <subfield code='d'>UIU</subfield>
        <subfield code='d'>NOC</subfield>
      </datafield>
      <datafield ind1='1' ind2=' ' tag='100'>
        <subfield code='a'>Van der Berg, Servaas.</subfield>
      </datafield>
      <datafield ind1='1' ind2='0' tag='245'>
        <subfield code='a'>Meeting basic health needs :</subfield>
        <subfield code='b'>a cross sectional study of some determinants of mortality and life expectancy among coloured South Africans /</subfield>
        <subfield code='c'>by Servaas van der Berg.</subfield>
      </datafield>
      <datafield ind1=' ' ind2=' ' tag='260'>
        <subfield code='a'>Rondebosch [South Africa] :</subfield>
        <subfield code='b'>SALDRU, School of Economics, University of Cape Town,</subfield>
        <subfield code='c'>[1984].</subfield>
      </datafield>
      <datafield ind1=' ' ind2=' ' tag='300'>
        <subfield code='a'>15 p. ;</subfield>
        <subfield code='c'>22 cm.</subfield>
      </datafield>
      <datafield ind1=' ' ind2=' ' tag='500'>
        <subfield code='a'>At head of title: Second Carnegie Inquiry into Poverty and Development in Southern Africa.</subfield>
      </datafield>
      <datafield ind1=' ' ind2=' ' tag='500'>
        <subfield code='a'>&quot;13-10 April 1984.&quot;</subfield>
      </datafield>
      <datafield ind1=' ' ind2=' ' tag='504'>
        <subfield code='a'>Includes bibliographical references.</subfield>
      </datafield>
      <datafield ind1=' ' ind2='0' tag='650'>
        <subfield code='a'>Basic needs</subfield>
        <subfield code='z'>South Africa</subfield>
        <subfield code='v'>Congresses.</subfield>
      </datafield>
      <datafield ind1=' ' ind2='0' tag='650'>
        <subfield code='a'>Colored people (South Africa)</subfield>
        <subfield code='x'>Health and hygiene</subfield>
        <subfield code='v'>Congresses.</subfield>
      </datafield>
      <datafield ind1=' ' ind2='0' tag='650'>
        <subfield code='a'>Colored people (South Africa)</subfield>
        <subfield code='x'>Mortality</subfield>
        <subfield code='v'>Congresses.</subfield>
      </datafield>
      <datafield ind1=' ' ind2='0' tag='650'>
        <subfield code='a'>Life expectancy</subfield>
        <subfield code='z'>South Africa</subfield>
        <subfield code='v'>Congresses.</subfield>
      </datafield>
      <datafield ind1=' ' ind2='0' tag='651'>
        <subfield code='a'>South Africa</subfield>
        <subfield code='x'>Economic conditions</subfield>
        <subfield code='v'>Congresses.</subfield>
      </datafield>
      <datafield ind1=' ' ind2='0' tag='651'>
        <subfield code='a'>South Africa</subfield>
        <subfield code='x'>Social conditions</subfield>
        <subfield code='v'>Congresses.</subfield>
      </datafield>
      <datafield ind1='2' ind2=' ' tag='811'>
        <subfield code='a'>Carnegie Inquiry into Poverty and Development in Southern Africa</subfield>
        <subfield code='n'>(2nd :</subfield>
        <subfield code='d'>1984 :</subfield>
        <subfield code='c'>Cape Town, South Africa).</subfield>
        <subfield code='t'>Carnegie conference paper ;</subfield>
        <subfield code='v'>no. 169.</subfield>
      </datafield>
      <datafield ind1=' ' ind2=' ' tag='907'>
        <subfield code='a'>b2828708</subfield>
      </datafield>
      <datafield ind1='9' ind2='1' tag='999'>
        <subfield code='i'>i4059842</subfield>
        <subfield code='l'>ddda</subfield>
        <subfield code='s'>-</subfield>
        <subfield code='t'>0</subfield>
        <subfield code='c'>1</subfield>
        <subfield code='o'>1</subfield>
        <subfield code='b'>00013052616</subfield>
        <subfield code='p'>090</subfield>
        <subfield code='q'>|aHC905.Z9 P6159 1984, no. 169</subfield>
      </datafield>
  </record>