
  <record>
    <leader>00000cam  2200181I  4500</leader>
      <controlfield tag='008'>741028s1965    bcc      b    000 0 eng  </controlfield>
      <controlfield tag='001'>1059066</controlfield>
      <controlfield tag='005'>19941003195744.0</controlfield>
      <datafield ind1=' ' ind2=' ' tag='010'>
        <subfield code='a'>65004992</subfield>
      </datafield>
      <datafield ind1=' ' ind2=' ' tag='040'>
        <subfield code='a'>DLC</subfield>
        <subfield code='c'>TOL</subfield>
        <subfield code='d'>SER</subfield>
      </datafield>
      <datafield ind1='0' ind2=' ' tag='050'>
        <subfield code='a'>JQ779.A55</subfield>
        <subfield code='b'>V3</subfield>
      </datafield>
      <datafield ind1='1' ind2=' ' tag='100'>
        <subfield code='a'>Van der Kroef, Justus Maria.</subfield>
      </datafield>
      <datafield ind1='1' ind2='4' tag='245'>
        <subfield code='a'>The Communist Party of Indonesia;</subfield>
        <subfield code='b'>its history, program, and tactics,</subfield>
        <subfield code='c'>by Justus M. van der Kroef.</subfield>
      </datafield>
      <datafield ind1=' ' ind2=' ' tag='260'>
        <subfield code='a'>Vancouver,</subfield>
        <subfield code='b'>Publications Centre, University of British Columbia,</subfield>
        <subfield code='c'>1965.</subfield>
      </datafield>
      <datafield ind1=' ' ind2=' ' tag='300'>
        <subfield code='a'>347 p.</subfield>
        <subfield code='c'>24 cm.</subfield>
      </datafield>
      <datafield ind1=' ' ind2=' ' tag='504'>
        <subfield code='a'>Bibliographical references included in &quot;Notes&quot; (p. [305]-336)</subfield>
      </datafield>
      <datafield ind1='2' ind2='0' tag='610'>
        <subfield code='a'>Partai Komunis Indonesia.</subfield>
      </datafield>
      <datafield ind1=' ' ind2=' ' tag='907'>
        <subfield code='a'>b2624010</subfield>
      </datafield>
      <datafield ind1='9' ind2='1' tag='999'>
        <subfield code='i'>i3774410</subfield>
        <subfield code='l'>trln</subfield>
        <subfield code='s'>-</subfield>
        <subfield code='t'>0</subfield>
        <subfield code='c'>2</subfield>
        <subfield code='o'>0</subfield>
        <subfield code='b'>00016474628</subfield>
        <subfield code='p'>090</subfield>
        <subfield code='q'>|aJQ779.A55 V3</subfield>
      </datafield>
  </record>