
  <record>
    <leader>00000cam  2200205 a 4500</leader>
      <controlfield tag='008'>811207s1981    miu      b   s000 0 eng  </controlfield>
      <controlfield tag='001'>8052269</controlfield>
      <controlfield tag='005'>19820623000000.0</controlfield>
      <datafield ind1=' ' ind2=' ' tag='010'>
        <subfield code='a'>81185396</subfield>
      </datafield>
      <datafield ind1=' ' ind2=' ' tag='040'>
        <subfield code='a'>DLC</subfield>
        <subfield code='c'>DLC</subfield>
        <subfield code='d'>NOC</subfield>
      </datafield>
      <datafield ind1=' ' ind2=' ' tag='043'>
        <subfield code='a'>n-us-mi</subfield>
      </datafield>
      <datafield ind1='0' ind2=' ' tag='082'>
        <subfield code='a'>364.3/74/09774</subfield>
        <subfield code='2'>19</subfield>
      </datafield>
      <datafield ind1='0' ind2='0' tag='245'>
        <subfield code='a'>Females in prison in Michigan, 1968-1978 :</subfield>
        <subfield code='b'>a study of commitment patterns /</subfield>
        <subfield code='c'>by Josefina Figueira-McDonough ... [et al.] ; contributing authors, Anna Celseste Burke, Victor Burke.</subfield>
      </datafield>
      <datafield ind1=' ' ind2=' ' tag='260'>
        <subfield code='a'>Ann Arbor :</subfield>
        <subfield code='b'>School of Social Work and the Institute for Social Research, University of Michigan,</subfield>
        <subfield code='c'>1981.</subfield>
      </datafield>
      <datafield ind1=' ' ind2=' ' tag='300'>
        <subfield code='a'>viii, 154 p. ;</subfield>
        <subfield code='c'>28 cm.</subfield>
      </datafield>
      <datafield ind1=' ' ind2=' ' tag='500'>
        <subfield code='a'>Cover title: Women in prison.</subfield>
      </datafield>
      <datafield ind1=' ' ind2=' ' tag='504'>
        <subfield code='a'>Bibliography: p. 146-154.</subfield>
      </datafield>
      <datafield ind1=' ' ind2='0' tag='650'>
        <subfield code='a'>Women prisoners</subfield>
        <subfield code='z'>Michigan.</subfield>
      </datafield>
      <datafield ind1='1' ind2=' ' tag='700'>
        <subfield code='a'>Figueira-McDonough, Josefina.</subfield>
      </datafield>
      <datafield ind1='0' ind2=' ' tag='740'>
        <subfield code='a'>Women in prison.</subfield>
      </datafield>
      <datafield ind1=' ' ind2=' ' tag='907'>
        <subfield code='a'>b1802273</subfield>
      </datafield>
      <datafield ind1='9' ind2='1' tag='999'>
        <subfield code='i'>i2599748</subfield>
        <subfield code='l'>trln</subfield>
        <subfield code='s'>-</subfield>
        <subfield code='t'>0</subfield>
        <subfield code='c'>1</subfield>
        <subfield code='o'>3</subfield>
        <subfield code='b'>00001298269</subfield>
        <subfield code='p'>090</subfield>
        <subfield code='q'>|aHV9475.M5 F45</subfield>
      </datafield>
  </record>