
  <record>
    <leader>00000cam  22002774a 4500</leader>
      <controlfield tag='008'>040727s2004    dcu      b    000 0 eng  </controlfield>
      <controlfield tag='001'>56068734</controlfield>
      <controlfield tag='005'>20041117135856.0</controlfield>
      <datafield ind1=' ' ind2=' ' tag='010'>
        <subfield code='a'>2004017667</subfield>
      </datafield>
      <datafield ind1=' ' ind2=' ' tag='020'>
        <subfield code='a'>1587600250 (alk. paper)</subfield>
      </datafield>
      <datafield ind1=' ' ind2=' ' tag='040'>
        <subfield code='a'>DLC</subfield>
        <subfield code='c'>DLC</subfield>
        <subfield code='d'>YDX</subfield>
        <subfield code='d'>NOC</subfield>
      </datafield>
      <datafield ind1=' ' ind2=' ' tag='042'>
        <subfield code='a'>pcc</subfield>
      </datafield>
      <datafield ind1=' ' ind2=' ' tag='043'>
        <subfield code='a'>n-us---</subfield>
      </datafield>
      <datafield ind1='0' ind2='0' tag='050'>
        <subfield code='a'>HV741</subfield>
        <subfield code='b'>.M67 2004</subfield>
      </datafield>
      <datafield ind1='0' ind2='0' tag='082'>
        <subfield code='a'>364.36/0973</subfield>
        <subfield code='2'>22</subfield>
      </datafield>
      <datafield ind1='1' ind2=' ' tag='100'>
        <subfield code='a'>Morris, Leslee.</subfield>
      </datafield>
      <datafield ind1='1' ind2='0' tag='245'>
        <subfield code='a'>Youth involvement in the child welfare and juvenile justice systems :</subfield>
        <subfield code='b'>a case of double jeopardy? /</subfield>
        <subfield code='c'>Leslee Morris and Madelyn Freundlich.</subfield>
      </datafield>
      <datafield ind1=' ' ind2=' ' tag='260'>
        <subfield code='a'>Washington, DC :</subfield>
        <subfield code='b'>CWLA Press,</subfield>
        <subfield code='c'>c2004.</subfield>
      </datafield>
      <datafield ind1=' ' ind2=' ' tag='300'>
        <subfield code='a'>v, 106 p. ;</subfield>
        <subfield code='c'>23 cm.</subfield>
      </datafield>
      <datafield ind1=' ' ind2=' ' tag='504'>
        <subfield code='a'>Includes bibliographical references (p. 101-106).</subfield>
      </datafield>
      <datafield ind1='0' ind2=' ' tag='505'>
        <subfield code='a'>Literature review -- The study&apos;s methodology -- The results -- Interviews with child welfare and juvenile justice professionals -- Young adult interviews -- Focus group and follow-up interviews with foster parents -- Interviews with judges -- Interviews with public child welfare administrators -- Juvenile justice/child welfare system coordination: innovative programs -- Current law -- Recommendations.</subfield>
      </datafield>
      <datafield ind1=' ' ind2='0' tag='650'>
        <subfield code='a'>Child welfare</subfield>
        <subfield code='z'>United States.</subfield>
      </datafield>
      <datafield ind1=' ' ind2='0' tag='650'>
        <subfield code='a'>Juvenile delinquency</subfield>
        <subfield code='z'>United States.</subfield>
      </datafield>
      <datafield ind1=' ' ind2='0' tag='650'>
        <subfield code='a'>Juvenile justice, Administration of</subfield>
        <subfield code='z'>United States.</subfield>
      </datafield>
      <datafield ind1='1' ind2=' ' tag='700'>
        <subfield code='a'>Freundlich, Madelyn.</subfield>
      </datafield>
      <datafield ind1=' ' ind2=' ' tag='907'>
        <subfield code='a'>b4547681</subfield>
      </datafield>
      <datafield ind1='9' ind2='1' tag='999'>
        <subfield code='i'>i6194712</subfield>
        <subfield code='l'>ddda</subfield>
        <subfield code='s'>-</subfield>
        <subfield code='t'>0</subfield>
        <subfield code='c'>1</subfield>
        <subfield code='o'>2</subfield>
        <subfield code='b'>00024365027</subfield>
        <subfield code='p'>090</subfield>
        <subfield code='q'>|aHV741 .M67 2004</subfield>
      </datafield>
  </record>