
  <record>
    <leader>00000cam  22002534a 4500</leader>
      <controlfield tag='008'>010108s2001    nyua          001 0beng  </controlfield>
      <controlfield tag='001'>45708118</controlfield>
      <controlfield tag='005'>20010514141839.0</controlfield>
      <datafield ind1=' ' ind2=' ' tag='010'>
        <subfield code='a'>2001016094</subfield>
      </datafield>
      <datafield ind1=' ' ind2=' ' tag='020'>
        <subfield code='a'>0060394072</subfield>
      </datafield>
      <datafield ind1=' ' ind2=' ' tag='040'>
        <subfield code='a'>DLC</subfield>
        <subfield code='c'>DLC</subfield>
        <subfield code='d'>RLS</subfield>
        <subfield code='d'>JBO</subfield>
        <subfield code='d'>C#P</subfield>
        <subfield code='d'>NOC</subfield>
      </datafield>
      <datafield ind1='0' ind2='0' tag='050'>
        <subfield code='a'>HV6430.M28</subfield>
        <subfield code='b'>M53 2001</subfield>
      </datafield>
      <datafield ind1='1' ind2=' ' tag='100'>
        <subfield code='a'>Michel, Lou,</subfield>
        <subfield code='d'>1955-</subfield>
      </datafield>
      <datafield ind1='1' ind2='0' tag='245'>
        <subfield code='a'>American terrorist :</subfield>
        <subfield code='b'>Timothy McVeigh &amp; the Oklahoma City bombing /</subfield>
        <subfield code='c'>Lou Michel and Dan Herbeck.</subfield>
      </datafield>
      <datafield ind1=' ' ind2=' ' tag='250'>
        <subfield code='a'>1st ed.</subfield>
      </datafield>
      <datafield ind1=' ' ind2=' ' tag='260'>
        <subfield code='a'>New York :</subfield>
        <subfield code='b'>Regan Books,</subfield>
        <subfield code='c'>c2001.</subfield>
      </datafield>
      <datafield ind1=' ' ind2=' ' tag='300'>
        <subfield code='a'>426 p. :</subfield>
        <subfield code='b'>ill. ;</subfield>
        <subfield code='c'>24 cm.</subfield>
      </datafield>
      <datafield ind1=' ' ind2=' ' tag='500'>
        <subfield code='a'>Includes index.</subfield>
      </datafield>
      <datafield ind1='1' ind2='0' tag='600'>
        <subfield code='a'>McVeigh, Timothy.</subfield>
      </datafield>
      <datafield ind1=' ' ind2='0' tag='650'>
        <subfield code='a'>Terrorists</subfield>
        <subfield code='z'>United States</subfield>
        <subfield code='v'>Biography.</subfield>
      </datafield>
      <datafield ind1=' ' ind2='0' tag='650'>
        <subfield code='a'>Right-wing extremists</subfield>
        <subfield code='z'>United States</subfield>
        <subfield code='v'>Biography.</subfield>
      </datafield>
      <datafield ind1=' ' ind2='0' tag='650'>
        <subfield code='a'>Oklahoma City Federal Building Bombing, Oklahoma City, Okla., 1995.</subfield>
      </datafield>
      <datafield ind1='1' ind2=' ' tag='700'>
        <subfield code='a'>Herbeck, Dan.</subfield>
      </datafield>
      <datafield ind1=' ' ind2=' ' tag='907'>
        <subfield code='a'>b3809637</subfield>
      </datafield>
      <datafield ind1='9' ind2='1' tag='999'>
        <subfield code='i'>i5289814</subfield>
        <subfield code='l'>ddda</subfield>
        <subfield code='s'>-</subfield>
        <subfield code='t'>0</subfield>
        <subfield code='c'>1</subfield>
        <subfield code='o'>10</subfield>
        <subfield code='b'>00018790569</subfield>
        <subfield code='p'>090</subfield>
        <subfield code='q'>|aHV6430.M28 M53 2001</subfield>
      </datafield>
      <datafield ind1='9' ind2='1' tag='999'>
        <subfield code='i'>i5289815</subfield>
        <subfield code='l'>uada</subfield>
        <subfield code='s'>-</subfield>
        <subfield code='t'>0</subfield>
        <subfield code='c'>2</subfield>
        <subfield code='o'>4</subfield>
        <subfield code='b'>00020127621</subfield>
        <subfield code='p'>090</subfield>
        <subfield code='q'>|aHV6430.M28 M53 2001</subfield>
      </datafield>
  </record>