
  <record>
    <leader>00000cam  2200157Ia 4500</leader>
      <controlfield tag='008'>820222s1908    nyu           000 0 eng d</controlfield>
      <controlfield tag='001'>8181077</controlfield>
      <controlfield tag='005'>19930504063357.0</controlfield>
      <datafield ind1=' ' ind2=' ' tag='040'>
        <subfield code='a'>COV</subfield>
        <subfield code='c'>COV</subfield>
      </datafield>
      <datafield ind1='1' ind2=' ' tag='100'>
        <subfield code='a'>Wilbur, Sibyl,</subfield>
        <subfield code='d'>1871-1946.</subfield>
      </datafield>
      <datafield ind1='1' ind2='4' tag='245'>
        <subfield code='a'>The life of Mary Baker Eddy.</subfield>
      </datafield>
      <datafield ind1=' ' ind2=' ' tag='260'>
        <subfield code='a'>New York :</subfield>
        <subfield code='b'>Concord,</subfield>
        <subfield code='c'>[1908]</subfield>
      </datafield>
      <datafield ind1=' ' ind2=' ' tag='300'>
        <subfield code='a'>xvi, 425 p. :</subfield>
        <subfield code='b'>ill. ;</subfield>
        <subfield code='c'>23 cm.</subfield>
      </datafield>
      <datafield ind1='1' ind2='0' tag='600'>
        <subfield code='a'>Eddy, Mary Baker,</subfield>
        <subfield code='d'>1821-1910.</subfield>
      </datafield>
      <datafield ind1=' ' ind2=' ' tag='907'>
        <subfield code='a'>b2540533</subfield>
      </datafield>
      <datafield ind1='9' ind2='1' tag='999'>
        <subfield code='i'>i3654672</subfield>
        <subfield code='l'>ddda</subfield>
        <subfield code='s'>-</subfield>
        <subfield code='t'>0</subfield>
        <subfield code='c'>1</subfield>
        <subfield code='o'>1</subfield>
        <subfield code='b'>10001162812</subfield>
        <subfield code='p'>090</subfield>
        <subfield code='q'>|aBX6995 .W5 1908</subfield>
      </datafield>
  </record>