
  <record>
    <leader>00000cas  2200385 a 4500</leader>
      <controlfield tag='008'>751101d19671967ch uu     o   0    0chir </controlfield>
      <controlfield tag='001'>1767808</controlfield>
      <controlfield tag='005'>20030826120740.0</controlfield>
      <datafield ind1=' ' ind2=' ' tag='010'>
        <subfield code='a'>74841937</subfield>
      </datafield>
      <datafield ind1=' ' ind2=' ' tag='040'>
        <subfield code='a'>DLC</subfield>
        <subfield code='c'>MUL</subfield>
        <subfield code='d'>IUL</subfield>
        <subfield code='d'>DLC</subfield>
        <subfield code='d'>WAU</subfield>
      </datafield>
      <datafield ind1='0' ind2=' ' tag='041'>
        <subfield code='a'>chieng</subfield>
      </datafield>
      <datafield ind1=' ' ind2=' ' tag='042'>
        <subfield code='a'>lc</subfield>
      </datafield>
      <datafield ind1='0' ind2='0' tag='050'>
        <subfield code='a'>Z671</subfield>
        <subfield code='b'>.T78</subfield>
      </datafield>
      <datafield ind1=' ' ind2=' ' tag='066'>
        <subfield code='c'>$1</subfield>
      </datafield>
      <datafield ind1='0' ind2=' ' tag='082'>
        <subfield code='a'>020.5</subfield>
        <subfield code='2'>19</subfield>
      </datafield>
      <datafield ind1='0' ind2=' ' tag='130'>
        <subfield code='6'>880-01</subfield>
        <subfield code='a'>Tu shu guan xue kan (Guo li Taiwan da xue. Tu shu guan xue hui)</subfield>
      </datafield>
      <datafield ind1='0' ind2='0' tag='245'>
        <subfield code='6'>880-02</subfield>
        <subfield code='a'>Tu shu guan xue kan</subfield>
        <subfield code='h'>[serial].</subfield>
      </datafield>
      <datafield ind1='1' ind2='3' tag='246'>
        <subfield code='a'>Bibliotheca</subfield>
      </datafield>
      <datafield ind1='1' ind2='3' tag='246'>
        <subfield code='a'>Tʻu shu kuan hsüeh kʻan</subfield>
      </datafield>
      <datafield ind1='1' ind2='3' tag='246'>
        <subfield code='a'>Bulletin of the Library Science Society, National Taiwan University</subfield>
      </datafield>
      <datafield ind1=' ' ind2=' ' tag='260'>
        <subfield code='6'>880-03</subfield>
        <subfield code='a'>Taibei :</subfield>
        <subfield code='b'>Guo li Taiwan da xue tu shu guan xue hui,</subfield>
        <subfield code='c'>1967.</subfield>
      </datafield>
      <datafield ind1=' ' ind2=' ' tag='300'>
        <subfield code='a'>1 v. ;</subfield>
        <subfield code='c'>21 cm.</subfield>
      </datafield>
      <datafield ind1='0' ind2=' ' tag='362'>
        <subfield code='6'>880-04</subfield>
        <subfield code='a'>Di 1 qi (min guo 56 nian 4 yue [Apr. 1967]).</subfield>
      </datafield>
      <datafield ind1=' ' ind2=' ' tag='546'>
        <subfield code='a'>Some articles in English.</subfield>
      </datafield>
      <datafield ind1=' ' ind2='0' tag='650'>
        <subfield code='a'>Library science</subfield>
        <subfield code='v'>Periodicals.</subfield>
      </datafield>
      <datafield ind1='2' ind2=' ' tag='710'>
        <subfield code='6'>880-05</subfield>
        <subfield code='a'>Guo li Taiwan da xue.</subfield>
        <subfield code='b'>Tu shu guan xue hui.</subfield>
      </datafield>
      <datafield ind1='0' ind2='0' tag='785'>
        <subfield code='6'>880-06</subfield>
        <subfield code='t'>Tu shu guan xue kan (Guo li Taiwan da xue. Tu shu guan xue xi)</subfield>
        <subfield code='x'>1018-3817</subfield>
        <subfield code='w'>(OCoLC)45055876</subfield>
      </datafield>
      <datafield ind1='0' ind2=' ' tag='880'>
        <subfield code='6'>130-01/$1</subfield>
        <subfield code='a'>圖書館學刊 (Guo li Taiwan da xue. Tu shu guan xue hui)</subfield>
      </datafield>
      <datafield ind1='0' ind2='0' tag='880'>
        <subfield code='6'>245-02/$1</subfield>
        <subfield code='a'>圖書館學刊</subfield>
        <subfield code='h'>[serial].</subfield>
      </datafield>
      <datafield ind1=' ' ind2=' ' tag='880'>
        <subfield code='6'>260-03/$1</subfield>
        <subfield code='a'>臺北 :</subfield>
        <subfield code='b'>國立台灣大學圖書館學會,</subfield>
        <subfield code='c'>1967.</subfield>
      </datafield>
      <datafield ind1='0' ind2=' ' tag='880'>
        <subfield code='6'>362-04/$1</subfield>
        <subfield code='a'>第壹期(民國56年4月[Apr. 1967]).</subfield>
      </datafield>
      <datafield ind1='2' ind2=' ' tag='880'>
        <subfield code='6'>710-05/$1</subfield>
        <subfield code='a'>國立台灣大學.</subfield>
        <subfield code='b'>圖書館學會.</subfield>
      </datafield>
      <datafield ind1='0' ind2='0' tag='880'>
        <subfield code='6'>785-06/$1</subfield>
        <subfield code='t'>圖書館學刊 (Guo li Taiwan da xue. Tu shu guan xue xi)</subfield>
        <subfield code='x'>1018-3817</subfield>
        <subfield code='w'>(OCoLC)45055876</subfield>
      </datafield>
      <datafield ind1=' ' ind2=' ' tag='907'>
        <subfield code='a'>b1325751</subfield>
      </datafield>
      <datafield ind1='9' ind2='1' tag='999'>
        <subfield code='i'>i4661819</subfield>
        <subfield code='l'>llda</subfield>
        <subfield code='s'>-</subfield>
        <subfield code='t'>3</subfield>
        <subfield code='c'>1</subfield>
        <subfield code='o'>0</subfield>
        <subfield code='b'>00017088633</subfield>
        <subfield code='v'>1(1967)</subfield>
      </datafield>
      <datafield ind1='9' ind2='2' tag='999'>
        <subfield code='a'>c1369385</subfield>
        <subfield code='b'>llda</subfield>
        <subfield code='c'>0</subfield>
      </datafield>
      <datafield ind1='9' ind2='3' tag='999'>
        <subfield code='0'>c1369385</subfield>
        <subfield code='2'>852</subfield>
        <subfield code='3'>c</subfield>
        <subfield code='h'>Z671</subfield>
        <subfield code='i'>.T83</subfield>
      </datafield>
      <datafield ind1='9' ind2='3' tag='999'>
        <subfield code='0'>c1369385</subfield>
        <subfield code='2'>853</subfield>
        <subfield code='3'>y</subfield>
        <subfield code='8'>1</subfield>
        <subfield code='a'>(*)</subfield>
        <subfield code='i'>(year)</subfield>
      </datafield>
      <datafield ind1='9' ind2='3' tag='999'>
        <subfield code='0'>c1369385</subfield>
        <subfield code='2'>866</subfield>
        <subfield code='3'>h</subfield>
        <subfield code='8'>1</subfield>
        <subfield code='a'>1(1967)</subfield>
      </datafield>
  </record>