
  <record>
    <leader>00000cam a2200325 a 4500</leader>
      <controlfield tag='008'>890828s1981    fr       b    001 0 fre  </controlfield>
      <controlfield tag='001'>11506425</controlfield>
      <controlfield tag='005'>19890828000000.0</controlfield>
      <datafield ind1=' ' ind2=' ' tag='010'>
        <subfield code='a'>81172971</subfield>
      </datafield>
      <datafield ind1=' ' ind2=' ' tag='020'>
        <subfield code='a'>2130371280 :</subfield>
        <subfield code='c'>59.00F</subfield>
      </datafield>
      <datafield ind1=' ' ind2=' ' tag='040'>
        <subfield code='a'>DLC</subfield>
        <subfield code='c'>DLC</subfield>
        <subfield code='d'>m/c</subfield>
        <subfield code='d'>NOC</subfield>
      </datafield>
      <datafield ind1=' ' ind2=' ' tag='043'>
        <subfield code='a'>e-fr---</subfield>
      </datafield>
      <datafield ind1='1' ind2=' ' tag='100'>
        <subfield code='a'>Belloubet-Frier, Nicole.</subfield>
      </datafield>
      <datafield ind1='1' ind2='3' tag='245'>
        <subfield code='a'>Le Bureau de chancellerie d&apos;après les arrêts rendus de l&apos;avis de Monsieur le garde des sceaux en l&apos;année 1777 /</subfield>
        <subfield code='c'>Nicole Belloubet-Frier ; préface de Marguerite Boulet-Sautel.</subfield>
      </datafield>
      <datafield ind1=' ' ind2=' ' tag='250'>
        <subfield code='a'>1re éd.</subfield>
      </datafield>
      <datafield ind1=' ' ind2=' ' tag='260'>
        <subfield code='a'>Paris :</subfield>
        <subfield code='b'>Presses universitaires de France,</subfield>
        <subfield code='c'>c1981.</subfield>
      </datafield>
      <datafield ind1=' ' ind2=' ' tag='300'>
        <subfield code='a'>123 p. ;</subfield>
        <subfield code='c'>25 cm.</subfield>
      </datafield>
      <datafield ind1=' ' ind2=' ' tag='500'>
        <subfield code='a'>Includes index.</subfield>
      </datafield>
      <datafield ind1=' ' ind2=' ' tag='504'>
        <subfield code='a'>Bibliography: p. [111]-113.</subfield>
      </datafield>
      <datafield ind1='1' ind2='0' tag='610'>
        <subfield code='a'>France.</subfield>
        <subfield code='b'>Bureau de Chancellerie</subfield>
        <subfield code='x'>History.</subfield>
      </datafield>
      <datafield ind1=' ' ind2='0' tag='650'>
        <subfield code='a'>Justice, Administration of</subfield>
        <subfield code='z'>France</subfield>
        <subfield code='x'>History</subfield>
        <subfield code='y'>18th century.</subfield>
      </datafield>
      <datafield ind1=' ' ind2='0' tag='651'>
        <subfield code='a'>France</subfield>
        <subfield code='x'>Politics and government</subfield>
        <subfield code='y'>1774-1793.</subfield>
      </datafield>
      <datafield ind1=' ' ind2='0' tag='830'>
        <subfield code='a'>Travaux et recherches de l&apos;Université de droit, d&apos;économie et de sciences sociales de Paris.</subfield>
        <subfield code='p'>Série Sciences historiques ;</subfield>
        <subfield code='v'>18.</subfield>
      </datafield>
      <datafield ind1=' ' ind2=' ' tag='907'>
        <subfield code='a'>b2003709</subfield>
      </datafield>
      <datafield ind1='9' ind2='1' tag='999'>
        <subfield code='i'>i2898513</subfield>
        <subfield code='l'>trln</subfield>
        <subfield code='s'>-</subfield>
        <subfield code='t'>0</subfield>
        <subfield code='c'>1</subfield>
        <subfield code='o'>0</subfield>
        <subfield code='b'>00005769652</subfield>
        <subfield code='p'>090</subfield>
        <subfield code='q'>|aJN2431.B87 B45 1981</subfield>
      </datafield>
  </record>