
  <record>
    <leader>00000cam a2200265Ia 4500</leader>
      <controlfield tag='007'>hdrafa014baca</controlfield>
      <controlfield tag='007'>hdubfu---bubu</controlfield>
      <controlfield tag='008'>760504q19701979ctu     a     000 1 eng d</controlfield>
      <controlfield tag='001'>2156659</controlfield>
      <controlfield tag='005'>19960618114526.0</controlfield>
      <datafield ind1=' ' ind2=' ' tag='010'>
        <subfield code='a'>nuc87734735</subfield>
      </datafield>
      <datafield ind1=' ' ind2=' ' tag='040'>
        <subfield code='a'>ResP</subfield>
        <subfield code='c'>JNA</subfield>
        <subfield code='d'>LWS</subfield>
        <subfield code='d'>RQM</subfield>
      </datafield>
      <datafield ind1='1' ind2='4' tag='050'>
        <subfield code='a'>PZ3.S832</subfield>
        <subfield code='b'>C</subfield>
      </datafield>
      <datafield ind1='1' ind2=' ' tag='100'>
        <subfield code='a'>Stephens, Ann S.</subfield>
        <subfield code='q'>(Ann Sophia),</subfield>
        <subfield code='d'>1810-1886.</subfield>
      </datafield>
      <datafield ind1='1' ind2='4' tag='245'>
        <subfield code='a'>The curse of gold</subfield>
        <subfield code='h'>[microform] /</subfield>
        <subfield code='c'>by Ann S. Stephens ...</subfield>
      </datafield>
      <datafield ind1=' ' ind2=' ' tag='260'>
        <subfield code='a'>Philadelphia :</subfield>
        <subfield code='b'>T.B. Peterson,</subfield>
        <subfield code='c'>[c1869]</subfield>
      </datafield>
      <datafield ind1=' ' ind2=' ' tag='300'>
        <subfield code='a'>2 p. l., 21-406 p. ;</subfield>
        <subfield code='c'>18 cm.</subfield>
      </datafield>
      <datafield ind1=' ' ind2=' ' tag='500'>
        <subfield code='a'>Master microform held by: ResP.</subfield>
      </datafield>
      <datafield ind1=' ' ind2=' ' tag='533'>
        <subfield code='a'>Microfilm.</subfield>
        <subfield code='b'>Woodbridge, Conn. :</subfield>
        <subfield code='c'>Research Publications,</subfield>
        <subfield code='d'>197-.</subfield>
        <subfield code='e'>1 microfilm reel ; 35 mm.</subfield>
        <subfield code='f'>(Wright American fiction ; v. 2 (1851-1875), reel S-35, no. 2356).</subfield>
      </datafield>
      <datafield ind1='1' ind2=' ' tag='776'>
        <subfield code='c'>Original</subfield>
        <subfield code='w'>(DLC)08-14276</subfield>
      </datafield>
      <datafield ind1=' ' ind2='0' tag='830'>
        <subfield code='a'>Wright American fiction.</subfield>
        <subfield code='n'>v. 2,</subfield>
        <subfield code='p'>1851-1875 ;</subfield>
        <subfield code='v'>reel S-35, no. 2356.</subfield>
      </datafield>
      <datafield ind1=' ' ind2=' ' tag='907'>
        <subfield code='a'>b2851054</subfield>
      </datafield>
      <datafield ind1='9' ind2='1' tag='999'>
        <subfield code='i'>i4088881</subfield>
        <subfield code='l'>dgdaa</subfield>
        <subfield code='s'>-</subfield>
        <subfield code='t'>28</subfield>
        <subfield code='c'>1</subfield>
        <subfield code='o'>0</subfield>
        <subfield code='b'>HATB-2961-00001</subfield>
        <subfield code='p'>099</subfield>
        <subfield code='q'>|a1-118 v. 2 (1851-1875), reel S-35, no. 2</subfield>
      </datafield>
  </record>