
  <record>
    <leader>00000cam  2200217   4500</leader>
      <controlfield tag='008'>810915s1796    enk|||| a     00| ||eng d</controlfield>
      <controlfield tag='001'>M-ESTCT132577</controlfield>
      <controlfield tag='005'>19961111175121.0</controlfield>
      <datafield ind1=' ' ind2=' ' tag='040'>
        <subfield code='a'>Uk-ES</subfield>
        <subfield code='c'>Uk-ES</subfield>
        <subfield code='d'>CStRLIN</subfield>
        <subfield code='d'>ResP</subfield>
      </datafield>
      <datafield ind1='1' ind2=' ' tag='100'>
        <subfield code='a'>White, Robert,</subfield>
        <subfield code='d'>active 1786-1792.</subfield>
      </datafield>
      <datafield ind1='1' ind2='3' tag='245'>
        <subfield code='a'>An analysis of The New London pharmacopœia;</subfield>
        <subfield code='h'>[microform]</subfield>
        <subfield code='b'>explaining the nature, principles, ... of the various preparations ... contained therein: particularly calculated for the use of junior students. To which is annexed, A summary of the new theory ... Second edition. By Robert White, M.D.</subfield>
      </datafield>
      <datafield ind1=' ' ind2=' ' tag='260'>
        <subfield code='a'>Bury St. Edmund&apos;s :</subfield>
        <subfield code='b'>printed by P. Gedge; for Cadell and Davies [London],</subfield>
        <subfield code='c'>1796.</subfield>
      </datafield>
      <datafield ind1=' ' ind2=' ' tag='300'>
        <subfield code='a'>vi,[2],200;vi,26p. ;</subfield>
        <subfield code='c'>8̕.</subfield>
      </datafield>
      <datafield ind1=' ' ind2=' ' tag='500'>
        <subfield code='a'>&apos;A summary of the pneumato-chemical theory, ..&apos; has a separate titlepage, pagination and register.</subfield>
      </datafield>
      <datafield ind1=' ' ind2=' ' tag='533'>
        <subfield code='a'>Microfilm.</subfield>
        <subfield code='b'>Woodbridge, CT</subfield>
        <subfield code='c'>Research Publications, Inc.,</subfield>
        <subfield code='d'>1986.</subfield>
        <subfield code='e'>1 reel ; 35mm.</subfield>
        <subfield code='f'>(The Eighteenth Century ; reel 3284, no. 10).</subfield>
      </datafield>
      <datafield ind1=' ' ind2='0' tag='830'>
        <subfield code='a'>Eighteenth century ;</subfield>
        <subfield code='v'>reel 3284, no. 10.</subfield>
      </datafield>
      <datafield ind1=' ' ind2=' ' tag='907'>
        <subfield code='a'>b3853480</subfield>
      </datafield>
      <datafield ind1='9' ind2='1' tag='999'>
        <subfield code='i'>i5335698</subfield>
        <subfield code='l'>dgdaa</subfield>
        <subfield code='s'>-</subfield>
        <subfield code='t'>28</subfield>
        <subfield code='c'>1</subfield>
        <subfield code='o'>0</subfield>
        <subfield code='b'>HBDC-4085-00001</subfield>
        <subfield code='p'>099</subfield>
        <subfield code='q'>|a1-2586 reel 3284, no. 10</subfield>
      </datafield>
  </record>