
  <record>
    <leader>00000cam  2200181Ia 4500</leader>
      <controlfield tag='008'>880720s1973    ag af         000 0 spa d</controlfield>
      <controlfield tag='001'>7065678</controlfield>
      <controlfield tag='005'>19900416145102.5</controlfield>
      <datafield ind1=' ' ind2=' ' tag='040'>
        <subfield code='a'>UIU</subfield>
        <subfield code='c'>UIU</subfield>
        <subfield code='d'>FUG</subfield>
      </datafield>
      <datafield ind1=' ' ind2=' ' tag='043'>
        <subfield code='a'>s-uy---</subfield>
      </datafield>
      <datafield ind1='0' ind2='3' tag='245'>
        <subfield code='a'>La Resistencia obrera uruguaya :</subfield>
        <subfield code='b'>para una cronología de la epopeya contra la dictadura, 27 de junio - 11 de julio de 1973.</subfield>
      </datafield>
      <datafield ind1=' ' ind2=' ' tag='260'>
        <subfield code='a'>Buenos Aires :</subfield>
        <subfield code='b'>Editorial Anteo,</subfield>
        <subfield code='c'>1973.</subfield>
      </datafield>
      <datafield ind1=' ' ind2=' ' tag='300'>
        <subfield code='a'>30 p., [4] p. of plates :</subfield>
        <subfield code='b'>ill. ;</subfield>
        <subfield code='c'>20 cm.</subfield>
      </datafield>
      <datafield ind1=' ' ind2='0' tag='650'>
        <subfield code='a'>Working class</subfield>
        <subfield code='x'>Political activity</subfield>
        <subfield code='z'>Uruguay.</subfield>
      </datafield>
      <datafield ind1=' ' ind2='0' tag='651'>
        <subfield code='a'>Uruguay</subfield>
        <subfield code='x'>Politics and government</subfield>
        <subfield code='y'>1973-1985.</subfield>
      </datafield>
      <datafield ind1=' ' ind2=' ' tag='907'>
        <subfield code='a'>b1738667</subfield>
      </datafield>
      <datafield ind1='9' ind2='1' tag='999'>
        <subfield code='i'>i2495936</subfield>
        <subfield code='l'>trln</subfield>
        <subfield code='s'>-</subfield>
        <subfield code='t'>0</subfield>
        <subfield code='c'>1</subfield>
        <subfield code='o'>0</subfield>
        <subfield code='b'>00038446431</subfield>
        <subfield code='p'>090</subfield>
        <subfield code='q'>|aHD8358 .R48</subfield>
      </datafield>
  </record>