
  <record>
    <leader>00000cjm a22003613i 4500</leader>
      <controlfield tag='006'>m    go  h  ||||||</controlfield>
      <controlfield tag='008'>880906s1988    caujzn||o|||||||||||und|d</controlfield>
      <controlfield tag='007'>sz z|nnnnnzned</controlfield>
      <controlfield tag='007'>cr||na---||a|a</controlfield>
      <controlfield tag='001'>ASP520932/jazz</controlfield>
      <controlfield tag='003'>VaAlASP</controlfield>
      <controlfield tag='005'>20090720174414.0</controlfield>
      <datafield ind1='0' ind2='2' tag='028'>
        <subfield code='a'>CCD-4342</subfield>
        <subfield code='b'>Concord Jazz</subfield>
      </datafield>
      <datafield ind1=' ' ind2=' ' tag='035'>
        <subfield code='a'>(OCoLC)593782838</subfield>
      </datafield>
      <datafield ind1=' ' ind2=' ' tag='040'>
        <subfield code='a'>MRQ</subfield>
        <subfield code='c'>MRQ</subfield>
        <subfield code='d'>OCL</subfield>
        <subfield code='d'>VYF</subfield>
        <subfield code='d'>UtOrBLW</subfield>
        <subfield code='d'>VaAlASP</subfield>
      </datafield>
      <datafield ind1='1' ind2=' ' tag='100'>
        <subfield code='a'>McRae, Carmen.</subfield>
      </datafield>
      <datafield ind1='1' ind2='0' tag='245'>
        <subfield code='a'>Fine and mellow</subfield>
        <subfield code='h'>[electronic resource] /</subfield>
        <subfield code='c'>Carmen McRae.</subfield>
      </datafield>
      <datafield ind1=' ' ind2=' ' tag='260'>
        <subfield code='a'>Concord, Calif. :</subfield>
        <subfield code='b'>Concord Jazz,</subfield>
        <subfield code='c'>p1988.</subfield>
      </datafield>
      <datafield ind1=' ' ind2=' ' tag='300'>
        <subfield code='a'>1 online resource.</subfield>
      </datafield>
      <datafield ind1=' ' ind2=' ' tag='500'>
        <subfield code='a'>Originally a compact disc.</subfield>
      </datafield>
      <datafield ind1=' ' ind2=' ' tag='500'>
        <subfield code='a'>Program notes by Mary Campbell in container.</subfield>
      </datafield>
      <datafield ind1='0' ind2=' ' tag='505'>
        <subfield code='a'>What is this thing called love (6:46) -- What can I say after I say I&apos;m sorry (5:07) -- Fine and mellow (9:31) -- These foolish things remind me of you (5:20) -- Black and blue (7:37) -- One more chance (4:06) -- Until the real thing comes along (5:00) -- My handy man ain&apos;t handy no more (6:44).</subfield>
      </datafield>
      <datafield ind1='1' ind2=' ' tag='506'>
        <subfield code='a'>Access limited to UNC Chapel Hill-authenticated users.</subfield>
        <subfield code='f'>Unlimited simultaneous users</subfield>
      </datafield>
      <datafield ind1='0' ind2=' ' tag='511'>
        <subfield code='a'>Jazz vocals by Carmen McRae, with instrumental accompaniment.</subfield>
      </datafield>
      <datafield ind1=' ' ind2=' ' tag='518'>
        <subfield code='a'>Recorded live at Birdland West, Long Beach, California, December, 1987.</subfield>
      </datafield>
      <datafield ind1=' ' ind2=' ' tag='533'>
        <subfield code='a'>Electronic reproduction.</subfield>
        <subfield code='b'>Alexandria, VA :</subfield>
        <subfield code='c'>Alexander Street Press,</subfield>
        <subfield code='d'>2009.</subfield>
        <subfield code='f'>(Jazz music library).</subfield>
        <subfield code='n'>Available via World Wide Web.</subfield>
      </datafield>
      <datafield ind1=' ' ind2='7' tag='655'>
        <subfield code='a'>Jazz vocals.</subfield>
        <subfield code='2'>lcgft</subfield>
      </datafield>
      <datafield ind1=' ' ind2='7' tag='655'>
        <subfield code='a'>Jazz.</subfield>
        <subfield code='2'>lcgft</subfield>
      </datafield>
      <datafield ind1='0' ind2=' ' tag='773'>
        <subfield code='t'>Jazz music library (online collection)</subfield>
      </datafield>
      <datafield ind1='4' ind2='0' tag='856'>
        <subfield code='u'>http://libproxy.lib.unc.edu/login?url=http://www.aspresolver.com/aspresolver.asp?JAZZ;520932</subfield>
        <subfield code='y'>Streaming audio available via the UNC-Chapel Hill Libraries</subfield>
        <subfield code='x'>Jazz music library</subfield>
      </datafield>
      <datafield ind1=' ' ind2=' ' tag='907'>
        <subfield code='a'>b6126714</subfield>
      </datafield>
  </record>