
  <record>
    <leader>00000ngm a22004213a 4500</leader>
      <controlfield tag='006'>m|||||o||c||||||||</controlfield>
      <controlfield tag='008'>140109s2010    enk005 g      o   v|eng d</controlfield>
      <controlfield tag='007'>cr |na---||a|a</controlfield>
      <controlfield tag='007'>vz |zazu|</controlfield>
      <controlfield tag='001'>ASP1738627/ediv</controlfield>
      <controlfield tag='003'>VaAlASP</controlfield>
      <controlfield tag='005'>20140109132724.0</controlfield>
      <datafield ind1=' ' ind2=' ' tag='035'>
        <subfield code='a'>(OCoLC)874057909</subfield>
      </datafield>
      <datafield ind1=' ' ind2=' ' tag='040'>
        <subfield code='a'>VaAlASP</subfield>
        <subfield code='c'>VaAlASP</subfield>
      </datafield>
      <datafield ind1='0' ind2='0' tag='245'>
        <subfield code='a'>Proven to work.</subfield>
        <subfield code='n'>5,</subfield>
        <subfield code='p'>Specific praise</subfield>
        <subfield code='h'>[electronic resource].</subfield>
      </datafield>
      <datafield ind1='3' ind2=' ' tag='246'>
        <subfield code='a'>Specific praise</subfield>
      </datafield>
      <datafield ind1=' ' ind2=' ' tag='260'>
        <subfield code='a'>[England] :</subfield>
        <subfield code='b'>Teachers TV/UK Department of Education,</subfield>
        <subfield code='c'>2010.</subfield>
      </datafield>
      <datafield ind1=' ' ind2=' ' tag='300'>
        <subfield code='a'>1 streaming video (5 min.).</subfield>
      </datafield>
      <datafield ind1=' ' ind2=' ' tag='306'>
        <subfield code='a'>000521</subfield>
      </datafield>
      <datafield ind1=' ' ind2=' ' tag='500'>
        <subfield code='a'>Title from resource description page (viewed Jan. 9, 2014).</subfield>
      </datafield>
      <datafield ind1='1' ind2=' ' tag='506'>
        <subfield code='a'>Access limited to UNC Chapel Hill-authenticated users.</subfield>
        <subfield code='f'>Unlimited simultaneous users</subfield>
      </datafield>
      <datafield ind1=' ' ind2=' ' tag='520'>
        <subfield code='a'>How to use praise to help and direct learning by aiming it specifically at the strategy rather than the pupil. A quick demonstration of this research-backed approach. Teachers have used praise to congratulate achievement but praise can also be targeted at the strategy as well as the pupil. It can then direct pupils, or at least nudge them, along the right line of enquiry. The approach, which is known to be effective across ages and subjects, is demonstrated here in a maths lesson at Heather Primary School in Leicestershire. Philippa Cordingley, director of the Centre for the Use of Research and Evidence in Education, explains that though specific praise can be time consuming it is effective.</subfield>
      </datafield>
      <datafield ind1=' ' ind2=' ' tag='530'>
        <subfield code='a'>Previously released as DVD.</subfield>
      </datafield>
      <datafield ind1=' ' ind2=' ' tag='546'>
        <subfield code='a'>This edition in English.</subfield>
      </datafield>
      <datafield ind1=' ' ind2='0' tag='650'>
        <subfield code='a'>Praise.</subfield>
      </datafield>
      <datafield ind1=' ' ind2='7' tag='655'>
        <subfield code='a'>Instructional television programs.</subfield>
        <subfield code='2'>lcgft</subfield>
      </datafield>
      <datafield ind1='2' ind2=' ' tag='710'>
        <subfield code='a'>Maverick Television (Television network)</subfield>
        <subfield code='4'>pro</subfield>
      </datafield>
      <datafield ind1='0' ind2=' ' tag='773'>
        <subfield code='t'>Education in video (online collection)</subfield>
      </datafield>
      <datafield ind1='1' ind2=' ' tag='776'>
        <subfield code='c'>Original publisher catalog number</subfield>
        <subfield code='o'>W/4250/005</subfield>
      </datafield>
      <datafield ind1='4' ind2='0' tag='856'>
        <subfield code='y'>Streaming video available via the UNC-Chapel Hill Libraries</subfield>
        <subfield code='u'>http://libproxy.lib.unc.edu/login?url=http://www.aspresolver.com/aspresolver.asp?EDIV;1738627</subfield>
        <subfield code='x'>Education in video</subfield>
      </datafield>
      <datafield ind1=' ' ind2=' ' tag='919'>
        <subfield code='a'>filmfinder</subfield>
      </datafield>
      <datafield ind1=' ' ind2=' ' tag='907'>
        <subfield code='a'>b7787502</subfield>
      </datafield>
  </record>