
  <record>
    <leader>00000nam a22003377a 4500</leader>
      <controlfield tag='008'>990204s1996    dcu     b    f000 0 eng d</controlfield>
      <controlfield tag='001'>40731485</controlfield>
      <controlfield tag='005'>19990204072231.0</controlfield>
      <datafield ind1=' ' ind2=' ' tag='035'>
        <subfield code='a'>(GPO)99005852</subfield>
      </datafield>
      <datafield ind1=' ' ind2=' ' tag='037'>
        <subfield code='a'>19970011931</subfield>
        <subfield code='b'>NASA</subfield>
      </datafield>
      <datafield ind1=' ' ind2=' ' tag='040'>
        <subfield code='a'>GPO</subfield>
        <subfield code='c'>GPO</subfield>
        <subfield code='d'>DLC</subfield>
        <subfield code='d'>MvI</subfield>
      </datafield>
      <datafield ind1=' ' ind2=' ' tag='074'>
        <subfield code='a'>0830-H-14 (MF)</subfield>
      </datafield>
      <datafield ind1='0' ind2=' ' tag='086'>
        <subfield code='a'>NAS 1.26:203870</subfield>
      </datafield>
      <datafield ind1='1' ind2=' ' tag='100'>
        <subfield code='a'>Horan, Stephen John,</subfield>
        <subfield code='d'>1954-</subfield>
      </datafield>
      <datafield ind1='1' ind2='0' tag='245'>
        <subfield code='a'>Further results for non-gimbaled antenna pointing</subfield>
        <subfield code='h'>[microform] /</subfield>
        <subfield code='c'>prepared by Stephen Horan and Jeannine Vigil.</subfield>
      </datafield>
      <datafield ind1=' ' ind2=' ' tag='260'>
        <subfield code='a'>[Washington, DC :</subfield>
        <subfield code='b'>National Aeronautics and Space Administration ;</subfield>
        <subfield code='a'>Springfield, Va. :</subfield>
        <subfield code='b'>National Technical Information Service, distributor,</subfield>
        <subfield code='c'>1996]</subfield>
      </datafield>
      <datafield ind1=' ' ind2=' ' tag='300'>
        <subfield code='a'>1 v.</subfield>
      </datafield>
      <datafield ind1=' ' ind2=' ' tag='500'>
        <subfield code='a'>Shipping list no.: 99-0173-M.</subfield>
      </datafield>
      <datafield ind1=' ' ind2=' ' tag='533'>
        <subfield code='a'>Microfiche.</subfield>
        <subfield code='b'>[Washington, D.C. :</subfield>
        <subfield code='c'>National Aeronautics and Space Administration,</subfield>
        <subfield code='d'>1997]</subfield>
        <subfield code='e'>1 microfiche.</subfield>
        <subfield code='f'>(NASA-CR ; 203870).</subfield>
      </datafield>
      <datafield ind1=' ' ind2='7' tag='650'>
        <subfield code='a'>Data links.</subfield>
        <subfield code='2'>nasat</subfield>
      </datafield>
      <datafield ind1=' ' ind2='7' tag='650'>
        <subfield code='a'>Satellite networks.</subfield>
        <subfield code='2'>nasat</subfield>
      </datafield>
      <datafield ind1=' ' ind2='7' tag='650'>
        <subfield code='a'>Simulation.</subfield>
        <subfield code='2'>nasat</subfield>
      </datafield>
      <datafield ind1=' ' ind2='7' tag='650'>
        <subfield code='a'>Antennas.</subfield>
        <subfield code='2'>nasat</subfield>
      </datafield>
      <datafield ind1=' ' ind2='7' tag='650'>
        <subfield code='a'>Satellite communication.</subfield>
        <subfield code='2'>nasat</subfield>
      </datafield>
      <datafield ind1=' ' ind2='7' tag='650'>
        <subfield code='a'>Satellite constellations.</subfield>
        <subfield code='2'>nasat</subfield>
      </datafield>
      <datafield ind1='1' ind2=' ' tag='700'>
        <subfield code='a'>Vigil, Jeannine.</subfield>
      </datafield>
      <datafield ind1='1' ind2=' ' tag='710'>
        <subfield code='a'>United States.</subfield>
        <subfield code='b'>National Aeronautics and Space Administration.</subfield>
      </datafield>
      <datafield ind1=' ' ind2='0' tag='830'>
        <subfield code='a'>NASA contractor report ;</subfield>
        <subfield code='v'>NASA CR-203870.</subfield>
      </datafield>
      <datafield ind1=' ' ind2=' ' tag='907'>
        <subfield code='a'>b3680953</subfield>
      </datafield>
      <datafield ind1='9' ind2='1' tag='999'>
        <subfield code='i'>i5125719</subfield>
        <subfield code='l'>dcpf</subfield>
        <subfield code='s'>-</subfield>
        <subfield code='t'>20</subfield>
        <subfield code='c'>1</subfield>
        <subfield code='o'>0</subfield>
        <subfield code='b'>HBBM-5208-00001</subfield>
        <subfield code='p'>086</subfield>
        <subfield code='q'>|aNAS 1.26:203870</subfield>
      </datafield>
  </record>