
  <record>
    <leader>00000nem  2200337 a 4500</leader>
      <controlfield tag='008'>140733s1989    dcuek  bd a  f  0   eng d</controlfield>
      <controlfield tag='007'>aj-canzn</controlfield>
      <controlfield tag='001'>22254487</controlfield>
      <datafield ind1='1' ind2=' ' tag='034'>
        <subfield code='a'>a</subfield>
        <subfield code='b'>30000</subfield>
        <subfield code='d'>E0513100</subfield>
        <subfield code='e'>E0515030</subfield>
        <subfield code='f'>N0250145</subfield>
        <subfield code='g'>N0244930</subfield>
      </datafield>
      <datafield ind1=' ' ind2=' ' tag='035'>
        <subfield code='a'>(GPO)90018393</subfield>
      </datafield>
      <datafield ind1=' ' ind2=' ' tag='037'>
        <subfield code='a'>62 BHA 62457</subfield>
        <subfield code='b'>DMA</subfield>
      </datafield>
      <datafield ind1=' ' ind2=' ' tag='040'>
        <subfield code='a'>GPO</subfield>
        <subfield code='c'>GPO</subfield>
      </datafield>
      <datafield ind1=' ' ind2=' ' tag='052'>
        <subfield code='a'>7580</subfield>
      </datafield>
      <datafield ind1=' ' ind2=' ' tag='052'>
        <subfield code='a'>7422</subfield>
        <subfield code='b'>P4</subfield>
      </datafield>
      <datafield ind1=' ' ind2=' ' tag='074'>
        <subfield code='a'>378-E-26</subfield>
      </datafield>
      <datafield ind1='0' ind2=' ' tag='086'>
        <subfield code='a'>D 5.356:62457/989</subfield>
      </datafield>
      <datafield ind1='1' ind2=' ' tag='110'>
        <subfield code='a'>United States.</subfield>
        <subfield code='b'>Defense Mapping Agency.</subfield>
        <subfield code='b'>Hydrographic/Topographic Center.</subfield>
      </datafield>
      <datafield ind1='1' ind2='0' tag='245'>
        <subfield code='a'>Persian Gulf, Qatar, Umm Saʻīd /</subfield>
        <subfield code='c'>prepared and published by the Defense Mapping Agency Hydrographic/Topographic Center.</subfield>
      </datafield>
      <datafield ind1='3' ind2=' ' tag='246'>
        <subfield code='a'>Umm Saʻīd</subfield>
      </datafield>
      <datafield ind1=' ' ind2=' ' tag='250'>
        <subfield code='a'>4th ed., Dec. 23, 1989 (Correct through NM 51/89).</subfield>
      </datafield>
      <datafield ind1=' ' ind2=' ' tag='255'>
        <subfield code='a'>Scale 1:30,000 ;</subfield>
        <subfield code='b'>Mercator proj.</subfield>
        <subfield code='c'>(E 51⁰ s31ʹ00ʺ--E 51⁰ s50ʹ30ʺ/N 25⁰ s01ʹ45ʺʹ--N 24⁰ s49ʹ30ʺ).</subfield>
      </datafield>
      <datafield ind1=' ' ind2=' ' tag='260'>
        <subfield code='a'>Washington, D.C. :</subfield>
        <subfield code='b'>The Center :</subfield>
        <subfield code='b'>[DMA, Combat Support Center, DOA, distributor],</subfield>
        <subfield code='c'>1989.</subfield>
      </datafield>
      <datafield ind1=' ' ind2=' ' tag='300'>
        <subfield code='a'>1 map :</subfield>
        <subfield code='b'>col. ;</subfield>
        <subfield code='c'>76 x 110 cm.</subfield>
      </datafield>
      <datafield ind1=' ' ind2=' ' tag='500'>
        <subfield code='a'>Depths shown by isolines and soundings.</subfield>
      </datafield>
      <datafield ind1=' ' ind2=' ' tag='500'>
        <subfield code='a'>&quot;From British Admiralty charts to 1987.&quot;</subfield>
      </datafield>
      <datafield ind1=' ' ind2=' ' tag='500'>
        <subfield code='a'>&quot;Copyright restrictions of the county of origin continue to exist.&quot;</subfield>
      </datafield>
      <datafield ind1=' ' ind2=' ' tag='500'>
        <subfield code='a'>&quot;Soundings in meters.&quot;</subfield>
      </datafield>
      <datafield ind1=' ' ind2=' ' tag='500'>
        <subfield code='a'>Includes compilation diagram.</subfield>
      </datafield>
      <datafield ind1=' ' ind2='0' tag='650'>
        <subfield code='a'>Nautical charts</subfield>
        <subfield code='z'>Persian Gulf.</subfield>
      </datafield>
      <datafield ind1=' ' ind2='0' tag='651'>
        <subfield code='a'>Persian Gulf</subfield>
        <subfield code='x'>Navigation.</subfield>
      </datafield>
      <datafield ind1=' ' ind2=' ' tag='907'>
        <subfield code='a'>b3427038</subfield>
      </datafield>
      <datafield ind1='9' ind2='1' tag='999'>
        <subfield code='i'>i4850828</subfield>
        <subfield code='l'>jjda</subfield>
        <subfield code='s'>-</subfield>
        <subfield code='t'>25</subfield>
        <subfield code='c'>1</subfield>
        <subfield code='o'>0</subfield>
        <subfield code='b'>HAZH-9488-00001</subfield>
        <subfield code='p'>086</subfield>
        <subfield code='q'>|aD 5.356:62457/989</subfield>
      </datafield>
  </record>