
  <record>
    <leader>00000cam  22003491  4500</leader>
      <controlfield tag='008'>710913s1968    enk      b    100 0 eng  </controlfield>
      <controlfield tag='001'>351488</controlfield>
      <controlfield tag='003'>OCoLC</controlfield>
      <controlfield tag='005'>20101021022842.0</controlfield>
      <datafield ind1=' ' ind2=' ' tag='010'>
        <subfield code='a'>68142341</subfield>
      </datafield>
      <datafield ind1=' ' ind2=' ' tag='019'>
        <subfield code='a'>14501204</subfield>
      </datafield>
      <datafield ind1=' ' ind2=' ' tag='035'>
        <subfield code='a'>(OCoLC)351488</subfield>
        <subfield code='z'>(OCoLC)14501204</subfield>
      </datafield>
      <datafield ind1=' ' ind2=' ' tag='040'>
        <subfield code='a'>DLC</subfield>
        <subfield code='c'>DLC</subfield>
        <subfield code='d'>UKM</subfield>
        <subfield code='d'>MUQ</subfield>
        <subfield code='d'>NLGGC</subfield>
        <subfield code='d'>CUY</subfield>
        <subfield code='d'>NLM</subfield>
        <subfield code='d'>NOC</subfield>
      </datafield>
      <datafield ind1=' ' ind2=' ' tag='049'>
        <subfield code='a'>NOCC</subfield>
      </datafield>
      <datafield ind1='0' ind2='0' tag='050'>
        <subfield code='a'>HC502</subfield>
        <subfield code='b'>.R64</subfield>
      </datafield>
      <datafield ind1='0' ind2='0' tag='060'>
        <subfield code='a'>W3</subfield>
        <subfield code='b'>RO683 1967</subfield>
      </datafield>
      <datafield ind1='0' ind2='0' tag='082'>
        <subfield code='a'>301.3/29/6</subfield>
      </datafield>
      <datafield ind1='0' ind2='4' tag='245'>
        <subfield code='a'>The Role of family planning in African development :</subfield>
        <subfield code='b'>proceedings of a seminar held at University College, Nairobi, Kenya, December 13-16, 1967.</subfield>
      </datafield>
      <datafield ind1=' ' ind2=' ' tag='260'>
        <subfield code='a'>London :</subfield>
        <subfield code='b'>International Planned Parenthood Federation,</subfield>
        <subfield code='c'>1968.</subfield>
      </datafield>
      <datafield ind1=' ' ind2=' ' tag='300'>
        <subfield code='a'>72 p. ;</subfield>
        <subfield code='c'>25 cm.</subfield>
      </datafield>
      <datafield ind1=' ' ind2=' ' tag='500'>
        <subfield code='a'>Organized by the International Planned Parenthood Federation.</subfield>
      </datafield>
      <datafield ind1=' ' ind2=' ' tag='504'>
        <subfield code='a'>Includes bibliographies.</subfield>
      </datafield>
      <datafield ind1=' ' ind2='0' tag='650'>
        <subfield code='a'>Public health</subfield>
        <subfield code='z'>Africa</subfield>
        <subfield code='v'>Congresses.</subfield>
      </datafield>
      <datafield ind1=' ' ind2='0' tag='650'>
        <subfield code='a'>Family planning</subfield>
        <subfield code='z'>Africa</subfield>
        <subfield code='v'>Congresses.</subfield>
      </datafield>
      <datafield ind1=' ' ind2='0' tag='651'>
        <subfield code='a'>Africa</subfield>
        <subfield code='x'>Economic conditions</subfield>
        <subfield code='y'>1960-</subfield>
        <subfield code='v'>Congresses.</subfield>
      </datafield>
      <datafield ind1='2' ind2=' ' tag='710'>
        <subfield code='a'>University College Nairobi.</subfield>
      </datafield>
      <datafield ind1='2' ind2=' ' tag='710'>
        <subfield code='a'>International Planned Parenthood Federation.</subfield>
      </datafield>
      <datafield ind1=' ' ind2=' ' tag='907'>
        <subfield code='a'>b6452145</subfield>
      </datafield>
      <datafield ind1='9' ind2='1' tag='999'>
        <subfield code='i'>i8455297</subfield>
        <subfield code='l'>trln</subfield>
        <subfield code='s'>-</subfield>
        <subfield code='t'>0</subfield>
        <subfield code='c'>2</subfield>
        <subfield code='o'>0</subfield>
        <subfield code='b'>00037308939</subfield>
        <subfield code='p'>050</subfield>
        <subfield code='q'>|aHC502|b.R64</subfield>
      </datafield>
  </record>