
  <record>
    <leader>00000nam  2200241 a 4500</leader>
      <controlfield tag='008'>820601s1981    vauab   b    f000 0 eng d</controlfield>
      <controlfield tag='001'>8504999</controlfield>
      <datafield ind1=' ' ind2=' ' tag='035'>
        <subfield code='a'>(GPO)82019082</subfield>
      </datafield>
      <datafield ind1=' ' ind2=' ' tag='040'>
        <subfield code='a'>GPO</subfield>
        <subfield code='c'>GPO</subfield>
      </datafield>
      <datafield ind1=' ' ind2=' ' tag='043'>
        <subfield code='a'>n-us-wy</subfield>
      </datafield>
      <datafield ind1=' ' ind2=' ' tag='074'>
        <subfield code='a'>624-H (MF)</subfield>
      </datafield>
      <datafield ind1='0' ind2=' ' tag='086'>
        <subfield code='a'>I 19.76:81-727</subfield>
      </datafield>
      <datafield ind1='1' ind2=' ' tag='100'>
        <subfield code='a'>Warlow, Ralph C.</subfield>
      </datafield>
      <datafield ind1='1' ind2='0' tag='245'>
        <subfield code='a'>Lithologic and geophysical logs from three coal exploratory test holes drilled in 1977 and 1979 in the Maverick Spring quadrangle, Fremont County, Wyoming</subfield>
        <subfield code='h'>[microform] /</subfield>
        <subfield code='c'>by Ralph C. Warlow.</subfield>
      </datafield>
      <datafield ind1=' ' ind2=' ' tag='260'>
        <subfield code='a'>[Reston, Va.?] :</subfield>
        <subfield code='b'>U.S. Dept. of the Interior, Geological Survey,</subfield>
        <subfield code='c'>1981.</subfield>
      </datafield>
      <datafield ind1=' ' ind2=' ' tag='300'>
        <subfield code='a'>1 v. :</subfield>
        <subfield code='b'>ill., 2 maps ;</subfield>
        <subfield code='c'>28 cm.</subfield>
      </datafield>
      <datafield ind1=' ' ind2=' ' tag='500'>
        <subfield code='a'>Microfiche. [Denver, Colo. : U.S. Geological Survey, 1981?]. 1 microfiche ; 11 x 15 cm.</subfield>
      </datafield>
      <datafield ind1=' ' ind2='0' tag='650'>
        <subfield code='a'>Geophysical well logging</subfield>
        <subfield code='z'>Wyoming</subfield>
        <subfield code='z'>Fremont County.</subfield>
      </datafield>
      <datafield ind1=' ' ind2='0' tag='650'>
        <subfield code='a'>Coal mines and mining</subfield>
        <subfield code='z'>Wyoming</subfield>
        <subfield code='z'>Fremont County.</subfield>
      </datafield>
      <datafield ind1='2' ind2=' ' tag='710'>
        <subfield code='a'>Geological Survey (U.S.)</subfield>
      </datafield>
      <datafield ind1=' ' ind2='0' tag='830'>
        <subfield code='a'>Open-file report (Geological Survey (U.S.)) ;</subfield>
        <subfield code='v'>81-727.</subfield>
      </datafield>
      <datafield ind1=' ' ind2=' ' tag='907'>
        <subfield code='a'>b3592943</subfield>
      </datafield>
      <datafield ind1='9' ind2='1' tag='999'>
        <subfield code='i'>i5030488</subfield>
        <subfield code='l'>bbdg</subfield>
        <subfield code='s'>-</subfield>
        <subfield code='t'>20</subfield>
        <subfield code='c'>1</subfield>
        <subfield code='o'>0</subfield>
        <subfield code='b'>HBAS-8218-00001</subfield>
        <subfield code='p'>086</subfield>
        <subfield code='q'>|aI19.76:81-727</subfield>
      </datafield>
  </record>