
  <record>
    <leader>00000cam a2200349 a 4500</leader>
      <controlfield tag='008'>060613s2007    nmuab    b   s001 0 eng  </controlfield>
      <controlfield tag='001'>70167594</controlfield>
      <controlfield tag='003'>OCoLC</controlfield>
      <controlfield tag='005'>20070904082800.0</controlfield>
      <datafield ind1=' ' ind2=' ' tag='010'>
        <subfield code='a'>2006019436</subfield>
      </datafield>
      <datafield ind1=' ' ind2=' ' tag='020'>
        <subfield code='a'>0826337333 (cloth : alk. paper)</subfield>
      </datafield>
      <datafield ind1=' ' ind2=' ' tag='020'>
        <subfield code='a'>9780826337337 (cloth : alk. paper)</subfield>
      </datafield>
      <datafield ind1=' ' ind2=' ' tag='035'>
        <subfield code='a'>(OCoLC)70167594</subfield>
      </datafield>
      <datafield ind1=' ' ind2=' ' tag='040'>
        <subfield code='a'>DLC</subfield>
        <subfield code='c'>DLC</subfield>
        <subfield code='d'>BAKER</subfield>
        <subfield code='d'>BTCTA</subfield>
        <subfield code='d'>C#P</subfield>
        <subfield code='d'>YDXCP</subfield>
      </datafield>
      <datafield ind1=' ' ind2=' ' tag='049'>
        <subfield code='a'>NOCC</subfield>
      </datafield>
      <datafield ind1='0' ind2='0' tag='050'>
        <subfield code='a'>HD75</subfield>
        <subfield code='b'>.M247 2007</subfield>
      </datafield>
      <datafield ind1='0' ind2='0' tag='082'>
        <subfield code='a'>338.9001</subfield>
        <subfield code='2'>22</subfield>
      </datafield>
      <datafield ind1='0' ind2='0' tag='245'>
        <subfield code='a'>Making world development work :</subfield>
        <subfield code='b'>scientific alternatives to neoclassical economic theory /</subfield>
        <subfield code='c'>edited by Grégoire Leclerc and Charles A.S. Hall.</subfield>
      </datafield>
      <datafield ind1=' ' ind2=' ' tag='260'>
        <subfield code='a'>Albuquerque :</subfield>
        <subfield code='b'>University of New Mexico Press,</subfield>
        <subfield code='c'>2007.</subfield>
      </datafield>
      <datafield ind1=' ' ind2=' ' tag='300'>
        <subfield code='a'>x, 645 p. :</subfield>
        <subfield code='b'>ill., maps ;</subfield>
        <subfield code='c'>29 cm.</subfield>
      </datafield>
      <datafield ind1=' ' ind2=' ' tag='504'>
        <subfield code='a'>Includes bibliographical references and index.</subfield>
      </datafield>
      <datafield ind1=' ' ind2='0' tag='650'>
        <subfield code='a'>Economic development.</subfield>
      </datafield>
      <datafield ind1=' ' ind2='0' tag='650'>
        <subfield code='a'>Neoclassical school of economics.</subfield>
      </datafield>
      <datafield ind1=' ' ind2='0' tag='650'>
        <subfield code='a'>Science</subfield>
        <subfield code='x'>Methodology.</subfield>
      </datafield>
      <datafield ind1='1' ind2=' ' tag='700'>
        <subfield code='a'>Leclerc, Grégoire.</subfield>
      </datafield>
      <datafield ind1='1' ind2=' ' tag='700'>
        <subfield code='a'>Hall, Charles A. S.</subfield>
      </datafield>
      <datafield ind1='4' ind2='8' tag='856'>
        <subfield code='3'>Table of contents only</subfield>
        <subfield code='u'>http://www.loc.gov/catdir/toc/ecip0615/2006019436.html</subfield>
      </datafield>
      <datafield ind1=' ' ind2=' ' tag='907'>
        <subfield code='a'>b5225386</subfield>
      </datafield>
      <datafield ind1='9' ind2='1' tag='999'>
        <subfield code='i'>i6889991</subfield>
        <subfield code='l'>ddda</subfield>
        <subfield code='s'>-</subfield>
        <subfield code='t'>0</subfield>
        <subfield code='c'>1</subfield>
        <subfield code='o'>1</subfield>
        <subfield code='b'>00029220815</subfield>
        <subfield code='p'>050</subfield>
        <subfield code='q'>|aHD75|b.M247 2007</subfield>
      </datafield>
  </record>