
  <record>
    <leader>00000cam  2200253 a 4500</leader>
      <controlfield tag='008'>980302s1998    enk      b    001 0 eng  </controlfield>
      <controlfield tag='001'>38580269</controlfield>
      <controlfield tag='005'>19981012131800.0</controlfield>
      <datafield ind1=' ' ind2=' ' tag='010'>
        <subfield code='a'>98015865</subfield>
      </datafield>
      <datafield ind1=' ' ind2=' ' tag='020'>
        <subfield code='a'>052164044X (hardback)</subfield>
      </datafield>
      <datafield ind1=' ' ind2=' ' tag='040'>
        <subfield code='a'>DLC</subfield>
        <subfield code='c'>DLC</subfield>
        <subfield code='d'>C#P</subfield>
        <subfield code='d'>NOC</subfield>
      </datafield>
      <datafield ind1=' ' ind2=' ' tag='043'>
        <subfield code='a'>n-us---</subfield>
      </datafield>
      <datafield ind1='0' ind2='0' tag='050'>
        <subfield code='a'>E813</subfield>
        <subfield code='b'>.H58 1998</subfield>
      </datafield>
      <datafield ind1='0' ind2='0' tag='082'>
        <subfield code='a'>327.73</subfield>
        <subfield code='2'>21</subfield>
      </datafield>
      <datafield ind1='1' ind2=' ' tag='100'>
        <subfield code='a'>Hogan, Michael J.,</subfield>
        <subfield code='d'>1943-</subfield>
      </datafield>
      <datafield ind1='1' ind2='2' tag='245'>
        <subfield code='a'>A cross of iron :</subfield>
        <subfield code='b'>Harry S. Truman and the origins of the national security state, 1945-1954 /</subfield>
        <subfield code='c'>Michael J. Hogan.</subfield>
      </datafield>
      <datafield ind1=' ' ind2=' ' tag='260'>
        <subfield code='a'>Cambridge, U.K. ;</subfield>
        <subfield code='a'>New York :</subfield>
        <subfield code='b'>Cambridge University Press,</subfield>
        <subfield code='c'>1998.</subfield>
      </datafield>
      <datafield ind1=' ' ind2=' ' tag='300'>
        <subfield code='a'>xii, 525 p. ;</subfield>
        <subfield code='c'>24 cm.</subfield>
      </datafield>
      <datafield ind1=' ' ind2=' ' tag='504'>
        <subfield code='a'>Includes bibliographical references (p. 483-505) and index.</subfield>
      </datafield>
      <datafield ind1='1' ind2='0' tag='600'>
        <subfield code='a'>Truman, Harry S.,</subfield>
        <subfield code='d'>1884-1972.</subfield>
      </datafield>
      <datafield ind1=' ' ind2='0' tag='650'>
        <subfield code='a'>National security</subfield>
        <subfield code='z'>United States</subfield>
        <subfield code='x'>History</subfield>
        <subfield code='y'>20th century.</subfield>
      </datafield>
      <datafield ind1=' ' ind2='0' tag='650'>
        <subfield code='a'>Cold War.</subfield>
      </datafield>
      <datafield ind1=' ' ind2='0' tag='650'>
        <subfield code='a'>Political culture</subfield>
        <subfield code='z'>United States</subfield>
        <subfield code='x'>History</subfield>
        <subfield code='y'>20th century.</subfield>
      </datafield>
      <datafield ind1=' ' ind2='0' tag='651'>
        <subfield code='a'>United States</subfield>
        <subfield code='x'>Foreign relations</subfield>
        <subfield code='y'>1945-1953.</subfield>
      </datafield>
      <datafield ind1=' ' ind2=' ' tag='907'>
        <subfield code='a'>b3172139</subfield>
      </datafield>
      <datafield ind1='9' ind2='1' tag='999'>
        <subfield code='i'>i4504446</subfield>
        <subfield code='l'>ddda</subfield>
        <subfield code='s'>-</subfield>
        <subfield code='t'>0</subfield>
        <subfield code='c'>1</subfield>
        <subfield code='o'>18</subfield>
        <subfield code='b'>00015731656</subfield>
        <subfield code='p'>090</subfield>
        <subfield code='q'>|aE813 .H58 1998</subfield>
      </datafield>
      <datafield ind1='9' ind2='1' tag='999'>
        <subfield code='i'>i4504447</subfield>
        <subfield code='l'>ddda</subfield>
        <subfield code='s'>-</subfield>
        <subfield code='t'>0</subfield>
        <subfield code='c'>2</subfield>
        <subfield code='o'>9</subfield>
        <subfield code='b'>00016554685</subfield>
        <subfield code='p'>090</subfield>
        <subfield code='q'>|aE813 .H58 1998</subfield>
      </datafield>
  </record>