
  <record>
    <leader>00000cam  2200313Ia 4500</leader>
      <controlfield tag='008'>100811s2010    orua     b    000 0 eng d</controlfield>
      <controlfield tag='001'>654807950</controlfield>
      <controlfield tag='003'>OCoLC</controlfield>
      <controlfield tag='005'>20100917101126.7</controlfield>
      <datafield ind1=' ' ind2=' ' tag='020'>
        <subfield code='a'>9781606088166</subfield>
      </datafield>
      <datafield ind1=' ' ind2=' ' tag='020'>
        <subfield code='a'>1606088165</subfield>
      </datafield>
      <datafield ind1=' ' ind2=' ' tag='035'>
        <subfield code='a'>(OCoLC)654807950</subfield>
      </datafield>
      <datafield ind1=' ' ind2=' ' tag='040'>
        <subfield code='a'>SLT</subfield>
        <subfield code='c'>SLT</subfield>
        <subfield code='d'>SLT</subfield>
        <subfield code='d'>YDXCP</subfield>
        <subfield code='d'>DTM</subfield>
      </datafield>
      <datafield ind1=' ' ind2='4' tag='050'>
        <subfield code='a'>BS1192.5</subfield>
        <subfield code='b'>.S74 2010</subfield>
      </datafield>
      <datafield ind1='1' ind2=' ' tag='100'>
        <subfield code='a'>Stevens, Marty E.,</subfield>
        <subfield code='d'>1953-</subfield>
      </datafield>
      <datafield ind1='1' ind2='0' tag='245'>
        <subfield code='a'>Theological themes of the Old Testament :</subfield>
        <subfield code='b'>creation, covenant, cultus, and character /</subfield>
        <subfield code='c'>Marty E. Stevens.</subfield>
      </datafield>
      <datafield ind1=' ' ind2=' ' tag='260'>
        <subfield code='a'>Eugene, Or. :</subfield>
        <subfield code='b'>Cascade Books,</subfield>
        <subfield code='c'>c2010.</subfield>
      </datafield>
      <datafield ind1=' ' ind2=' ' tag='300'>
        <subfield code='a'>xi, 171 p. :</subfield>
        <subfield code='b'>ill. ;</subfield>
        <subfield code='c'>21 cm.</subfield>
      </datafield>
      <datafield ind1=' ' ind2=' ' tag='500'>
        <subfield code='a'>Includes bibliographical references (p. 157-159) and index.</subfield>
      </datafield>
      <datafield ind1='0' ind2=' ' tag='505'>
        <subfield code='a'>Creation -- Covenant -- Cultus -- Character.</subfield>
      </datafield>
      <datafield ind1='0' ind2='0' tag='630'>
        <subfield code='a'>Bible.</subfield>
        <subfield code='p'>Old Testament</subfield>
        <subfield code='x'>Theology.</subfield>
      </datafield>
      <datafield ind1=' ' ind2='0' tag='650'>
        <subfield code='a'>Creation</subfield>
        <subfield code='x'>Biblical teaching.</subfield>
      </datafield>
      <datafield ind1=' ' ind2='0' tag='650'>
        <subfield code='a'>Covenant theology.</subfield>
      </datafield>
      <datafield ind1=' ' ind2='0' tag='650'>
        <subfield code='a'>Worship in the Bible.</subfield>
      </datafield>
      <datafield ind1=' ' ind2='0' tag='650'>
        <subfield code='a'>Ethics in the Bible.</subfield>
      </datafield>
      <datafield ind1=' ' ind2=' ' tag='907'>
        <subfield code='a'>b6445695</subfield>
      </datafield>
      <datafield ind1='9' ind2='1' tag='999'>
        <subfield code='i'>i8441871</subfield>
        <subfield code='l'>ddda</subfield>
        <subfield code='s'>-</subfield>
        <subfield code='t'>0</subfield>
        <subfield code='c'>1</subfield>
        <subfield code='o'>0</subfield>
        <subfield code='b'>00038008404</subfield>
        <subfield code='p'>050</subfield>
        <subfield code='q'>|aBS1192.5|b.S74 2010</subfield>
      </datafield>
  </record>