
  <record>
    <leader>00000cjma 2200361Ia 4500</leader>
      <controlfield tag='008'>840203s1980    it jzn   ei         zxx d</controlfield>
      <controlfield tag='007'>sd bumennmpl|e</controlfield>
      <controlfield tag='001'>10371758</controlfield>
      <controlfield tag='003'>OCoLC</controlfield>
      <controlfield tag='005'>20090407021138.0</controlfield>
      <datafield ind1='0' ind2='2' tag='028'>
        <subfield code='a'>BSR 0040</subfield>
        <subfield code='b'>Black Saint</subfield>
      </datafield>
      <datafield ind1=' ' ind2=' ' tag='035'>
        <subfield code='a'>(OCoLC)10371758</subfield>
      </datafield>
      <datafield ind1=' ' ind2=' ' tag='040'>
        <subfield code='a'>OBE</subfield>
        <subfield code='c'>OBE</subfield>
        <subfield code='d'>OCLCQ</subfield>
        <subfield code='d'>NOC</subfield>
      </datafield>
      <datafield ind1='0' ind2=' ' tag='041'>
        <subfield code='g'>eng</subfield>
      </datafield>
      <datafield ind1=' ' ind2=' ' tag='049'>
        <subfield code='a'>OFC#</subfield>
      </datafield>
      <datafield ind1='1' ind2=' ' tag='100'>
        <subfield code='a'>Hemphill, Julius.</subfield>
      </datafield>
      <datafield ind1='1' ind2='0' tag='245'>
        <subfield code='a'>Flat-out jump suite</subfield>
        <subfield code='h'>[sound recording] /</subfield>
        <subfield code='c'>Julius Hemphill Quartet.</subfield>
      </datafield>
      <datafield ind1=' ' ind2=' ' tag='260'>
        <subfield code='a'>Milano :</subfield>
        <subfield code='b'>Black Saint,</subfield>
        <subfield code='c'>p1980.</subfield>
      </datafield>
      <datafield ind1=' ' ind2=' ' tag='300'>
        <subfield code='a'>1 sound disc :</subfield>
        <subfield code='b'>analog, 33 1/3 rpm ;</subfield>
        <subfield code='c'>12 in.</subfield>
      </datafield>
      <datafield ind1=' ' ind2=' ' tag='306'>
        <subfield code='a'>000854</subfield>
        <subfield code='a'>001600</subfield>
        <subfield code='a'>000950</subfield>
        <subfield code='a'>000658</subfield>
      </datafield>
      <datafield ind1=' ' ind2=' ' tag='500'>
        <subfield code='a'>Jazz quartets composed by Julius Hemphill.</subfield>
      </datafield>
      <datafield ind1=' ' ind2=' ' tag='500'>
        <subfield code='a'>Program notes by Lee Jeske on container.</subfield>
      </datafield>
      <datafield ind1=' ' ind2=' ' tag='500'>
        <subfield code='a'>Special Collection material:  Use of audio or visual material may require production of listening or viewing copies before use.  Contact wilsonlibrary@unc.edu before visiting reading room for more information.</subfield>
      </datafield>
      <datafield ind1='0' ind2=' ' tag='505'>
        <subfield code='a'>Ear (8:54) -- Mind (16:00) -- Heart (9:50) -- Body (6:58)</subfield>
      </datafield>
      <datafield ind1='0' ind2=' ' tag='511'>
        <subfield code='a'>Julius Hemphill Quartet (the composer, flute and tenor saxophone ; Olu Dara, trumpet ; Abdul Wadud, violoncello ; Warren Smith, percussion).</subfield>
      </datafield>
      <datafield ind1=' ' ind2=' ' tag='518'>
        <subfield code='a'>Recorded June 4-5, 1980 at Barigozzi Studios, Milan.</subfield>
      </datafield>
      <datafield ind1=' ' ind2='7' tag='655'>
        <subfield code='a'>Jazz.</subfield>
        <subfield code='2'>lcgft</subfield>
      </datafield>
      <datafield ind1='2' ind2=' ' tag='710'>
        <subfield code='a'>Julius Hemphill Quartet.</subfield>
        <subfield code='4'>prf</subfield>
      </datafield>
      <datafield ind1=' ' ind2=' ' tag='907'>
        <subfield code='a'>b5913096</subfield>
      </datafield>
      <datafield ind1='9' ind2='1' tag='999'>
        <subfield code='i'>i7710155</subfield>
        <subfield code='l'>wadb</subfield>
        <subfield code='s'>o</subfield>
        <subfield code='t'>50</subfield>
        <subfield code='c'>1</subfield>
        <subfield code='o'>0</subfield>
        <subfield code='p'>099</subfield>
        <subfield code='q'>|aFC-19173</subfield>
        <subfield code='n'>Special Collection material:  Use of audio or visual material may require production of listening or viewing copies before use.  Contact wilsonlibrary@unc.edu before visiting reading room for more information.</subfield>
      </datafield>
  </record>