
  <record>
    <leader>00000cam  2200253Ia 4500</leader>
      <controlfield tag='008'>870928s1960    it ac    b    001 0 ita d</controlfield>
      <controlfield tag='001'>16768511</controlfield>
      <controlfield tag='005'>20000203143558.0</controlfield>
      <datafield ind1=' ' ind2=' ' tag='040'>
        <subfield code='a'>CUY</subfield>
        <subfield code='c'>CUY</subfield>
        <subfield code='d'>DGU</subfield>
        <subfield code='d'>NOC</subfield>
      </datafield>
      <datafield ind1=' ' ind2=' ' tag='043'>
        <subfield code='a'>n-us---</subfield>
      </datafield>
      <datafield ind1='1' ind2=' ' tag='100'>
        <subfield code='a'>Bulgheroni, Marisa.</subfield>
      </datafield>
      <datafield ind1='1' ind2='3' tag='245'>
        <subfield code='a'>Il nuovo romanzo americano, 1945-1959 /</subfield>
        <subfield code='c'>Marisa Bulgheroni.</subfield>
      </datafield>
      <datafield ind1=' ' ind2=' ' tag='260'>
        <subfield code='a'>Milano :</subfield>
        <subfield code='b'>Schwarz,</subfield>
        <subfield code='c'>c1960.</subfield>
      </datafield>
      <datafield ind1=' ' ind2=' ' tag='300'>
        <subfield code='a'>323 p. :</subfield>
        <subfield code='b'>ill., ports. ;</subfield>
        <subfield code='c'>22 cm.</subfield>
      </datafield>
      <datafield ind1=' ' ind2=' ' tag='504'>
        <subfield code='a'>Includes bibliographical references (p. 311-316) and index.</subfield>
      </datafield>
      <datafield ind1=' ' ind2='0' tag='650'>
        <subfield code='a'>American fiction</subfield>
        <subfield code='y'>20th century</subfield>
        <subfield code='x'>History and criticism.</subfield>
      </datafield>
      <datafield ind1=' ' ind2='0' tag='830'>
        <subfield code='a'>Enciclopedia di cultura moderna ;</subfield>
        <subfield code='v'>11.</subfield>
      </datafield>
      <datafield ind1=' ' ind2=' ' tag='907'>
        <subfield code='a'>b3294104</subfield>
      </datafield>
      <datafield ind1='9' ind2='1' tag='999'>
        <subfield code='i'>i4680423</subfield>
        <subfield code='l'>dnda</subfield>
        <subfield code='s'>m</subfield>
        <subfield code='t'>0</subfield>
        <subfield code='c'>1</subfield>
        <subfield code='o'>0</subfield>
        <subfield code='b'>HAYF-8012-00001</subfield>
        <subfield code='p'>092</subfield>
        <subfield code='q'>|a813.9 B933n</subfield>
      </datafield>
  </record>