
  <record>
    <leader>00000cam a2200217K  4500</leader>
      <controlfield tag='008'>931209s1534    sp      a     000 0 spa d</controlfield>
      <controlfield tag='007'>hd afa---baca</controlfield>
      <controlfield tag='001'>29460779</controlfield>
      <controlfield tag='005'>19990210010006.0</controlfield>
      <datafield ind1=' ' ind2=' ' tag='035'>
        <subfield code='a'>Recon</subfield>
        <subfield code='b'>CRL</subfield>
      </datafield>
      <datafield ind1=' ' ind2=' ' tag='040'>
        <subfield code='a'>CRL</subfield>
        <subfield code='c'>CRL</subfield>
      </datafield>
      <datafield ind1='1' ind2=' ' tag='100'>
        <subfield code='a'>Bernal, Diego.</subfield>
      </datafield>
      <datafield ind1='1' ind2='0' tag='245'>
        <subfield code='a'>Nueuo vergel.</subfield>
        <subfield code='b'>De olorosas flores sembradas por la muerte dolorida. Y cogidas por la trabajadosa vida.</subfield>
        <subfield code='h'>[Microform]</subfield>
      </datafield>
      <datafield ind1=' ' ind2=' ' tag='260'>
        <subfield code='a'>[Sevilla,</subfield>
        <subfield code='b'>Bartholome Perez,</subfield>
        <subfield code='c'>June 1534]</subfield>
      </datafield>
      <datafield ind1=' ' ind2=' ' tag='300'>
        <subfield code='a'>[20] p.</subfield>
      </datafield>
      <datafield ind1=' ' ind2=' ' tag='533'>
        <subfield code='a'>Microfilm.</subfield>
        <subfield code='b'>Cambridge, Mass.,</subfield>
        <subfield code='c'>General Microfilm Co.,</subfield>
        <subfield code='d'>1966.</subfield>
        <subfield code='e'>1 microfilm reel. 35 mm.</subfield>
        <subfield code='f'>(Spanish, Portuguese &amp; American books before 1601, roll 77)</subfield>
      </datafield>
      <datafield ind1=' ' ind2='0' tag='830'>
        <subfield code='a'>Hispanic culture series ;</subfield>
        <subfield code='v'>roll 77.</subfield>
      </datafield>
      <datafield ind1=' ' ind2=' ' tag='907'>
        <subfield code='a'>b3218777</subfield>
      </datafield>
      <datafield ind1='9' ind2='1' tag='999'>
        <subfield code='i'>i4572839</subfield>
        <subfield code='l'>dgdaa</subfield>
        <subfield code='s'>-</subfield>
        <subfield code='t'>28</subfield>
        <subfield code='c'>1</subfield>
        <subfield code='o'>0</subfield>
        <subfield code='b'>HAXK-1026-00001</subfield>
        <subfield code='p'>099</subfield>
        <subfield code='q'>|a1-616 roll 77.</subfield>
      </datafield>
  </record>