
  <record>
    <leader>00000cam a2200361Ia 4500</leader>
      <controlfield tag='008'>790222s1975    ru            000 p rus  </controlfield>
      <controlfield tag='001'>4680904</controlfield>
      <controlfield tag='003'>OCoLC</controlfield>
      <controlfield tag='005'>20140709113203.0</controlfield>
      <datafield ind1=' ' ind2=' ' tag='010'>
        <subfield code='a'>75541308</subfield>
      </datafield>
      <datafield ind1=' ' ind2=' ' tag='015'>
        <subfield code='a'>USSR 75</subfield>
      </datafield>
      <datafield ind1=' ' ind2=' ' tag='035'>
        <subfield code='a'>(OCoLC)4680904</subfield>
      </datafield>
      <datafield ind1=' ' ind2=' ' tag='040'>
        <subfield code='a'>DLC</subfield>
        <subfield code='b'>eng</subfield>
        <subfield code='c'>TJC</subfield>
        <subfield code='d'>DLC</subfield>
        <subfield code='d'>CUY</subfield>
        <subfield code='d'>NOC</subfield>
      </datafield>
      <datafield ind1=' ' ind2=' ' tag='042'>
        <subfield code='a'>premarc</subfield>
      </datafield>
      <datafield ind1=' ' ind2=' ' tag='049'>
        <subfield code='a'>NOCC</subfield>
      </datafield>
      <datafield ind1='0' ind2='0' tag='050'>
        <subfield code='a'>PG3488.O373</subfield>
        <subfield code='b'>C5</subfield>
      </datafield>
      <datafield ind1='1' ind2=' ' tag='100'>
        <subfield code='6'>880-01</subfield>
        <subfield code='a'>Sokolov, Vladimir,</subfield>
        <subfield code='d'>1928-1997.</subfield>
      </datafield>
      <datafield ind1='1' ind2='0' tag='245'>
        <subfield code='6'>880-02</subfield>
        <subfield code='a'>Chetvertʹ veka :</subfield>
        <subfield code='b'>izbrannye stikhi : 1948-1973 /</subfield>
        <subfield code='c'>Vladimir Sokolov.</subfield>
      </datafield>
      <datafield ind1=' ' ind2=' ' tag='260'>
        <subfield code='6'>880-03</subfield>
        <subfield code='a'>Moskva :</subfield>
        <subfield code='b'>Izd-vo &quot;Sovetskai︠a︡ Rossii︠a︡,&quot;</subfield>
        <subfield code='c'>1975.</subfield>
      </datafield>
      <datafield ind1=' ' ind2=' ' tag='300'>
        <subfield code='a'>254 p. ;</subfield>
        <subfield code='c'>18 cm.</subfield>
      </datafield>
      <datafield ind1=' ' ind2=' ' tag='500'>
        <subfield code='a'>From the private library of Naum Korzhavin.</subfield>
      </datafield>
      <datafield ind1=' ' ind2=' ' tag='500'>
        <subfield code='a'>In Cyrillic characters.</subfield>
      </datafield>
      <datafield ind1='1' ind2=' ' tag='700'>
        <subfield code='a'>Korzhavin, N.</subfield>
        <subfield code='q'>(Naum),</subfield>
        <subfield code='d'>1925-</subfield>
        <subfield code='e'>former owner.</subfield>
      </datafield>
      <datafield ind1='0' ind2='8' tag='776'>
        <subfield code='i'>Online version:</subfield>
        <subfield code='a'>Sokolov, Vladimir, 1928-1997.</subfield>
        <subfield code='t'>Chetvertʹ veka.</subfield>
        <subfield code='d'>Moskva : Sov. Rossii︠a︡, 1975</subfield>
        <subfield code='w'>(OCoLC)609553854</subfield>
      </datafield>
      <datafield ind1='1' ind2=' ' tag='880'>
        <subfield code='6'>100-01</subfield>
        <subfield code='a'>Соколов, Владимир,</subfield>
        <subfield code='d'>1928-1997.</subfield>
      </datafield>
      <datafield ind1='1' ind2='0' tag='880'>
        <subfield code='6'>245-02</subfield>
        <subfield code='a'>Четверть века :</subfield>
        <subfield code='b'>избранные стихи : 1948-1973 /</subfield>
        <subfield code='c'>Владимир Соколов.</subfield>
      </datafield>
      <datafield ind1=' ' ind2=' ' tag='880'>
        <subfield code='6'>260-03</subfield>
        <subfield code='a'>Москва :</subfield>
        <subfield code='b'>Изд-во &quot;Советская Россия,&quot;</subfield>
        <subfield code='c'>1975.</subfield>
      </datafield>
      <datafield ind1=' ' ind2=' ' tag='907'>
        <subfield code='a'>b7853132</subfield>
      </datafield>
      <datafield ind1='9' ind2='1' tag='999'>
        <subfield code='i'>i10394687</subfield>
        <subfield code='l'>trln</subfield>
        <subfield code='s'>-</subfield>
        <subfield code='t'>0</subfield>
        <subfield code='c'>1</subfield>
        <subfield code='o'>0</subfield>
        <subfield code='b'>00048546108</subfield>
        <subfield code='p'>050</subfield>
        <subfield code='q'>|aPG3488.O373|bC5</subfield>
        <subfield code='n'>From the private library of Naum Korzhavin.</subfield>
      </datafield>
  </record>