
  <record>
    <leader>00000cam  2200433 a 4500</leader>
      <controlfield tag='008'>100104s2010    ne ae    b    001 0 eng  </controlfield>
      <controlfield tag='001'>499176947</controlfield>
      <controlfield tag='003'>OCoLC</controlfield>
      <controlfield tag='005'>20100528060441.5</controlfield>
      <datafield ind1=' ' ind2=' ' tag='010'>
        <subfield code='a'>2010000073</subfield>
      </datafield>
      <datafield ind1=' ' ind2=' ' tag='020'>
        <subfield code='a'>9789004183094 (hardback : alk. paper)</subfield>
      </datafield>
      <datafield ind1=' ' ind2=' ' tag='020'>
        <subfield code='a'>9004183094 (hardback : alk. paper)</subfield>
      </datafield>
      <datafield ind1=' ' ind2=' ' tag='035'>
        <subfield code='a'>(OCoLC)499176947</subfield>
      </datafield>
      <datafield ind1=' ' ind2=' ' tag='040'>
        <subfield code='a'>DLC</subfield>
        <subfield code='c'>DLC</subfield>
        <subfield code='d'>XII</subfield>
        <subfield code='d'>YDXCP</subfield>
        <subfield code='d'>OHX</subfield>
        <subfield code='d'>UKM</subfield>
        <subfield code='d'>C#P</subfield>
      </datafield>
      <datafield ind1=' ' ind2=' ' tag='043'>
        <subfield code='a'>e------</subfield>
        <subfield code='a'>ff-----</subfield>
        <subfield code='a'>aw-----</subfield>
      </datafield>
      <datafield ind1='0' ind2='0' tag='050'>
        <subfield code='a'>BV6</subfield>
        <subfield code='b'>.A44 2010</subfield>
      </datafield>
      <datafield ind1='0' ind2='0' tag='082'>
        <subfield code='a'>264/.3609015</subfield>
        <subfield code='2'>22</subfield>
      </datafield>
      <datafield ind1='1' ind2=' ' tag='100'>
        <subfield code='a'>Alikin, Valeriy A.</subfield>
      </datafield>
      <datafield ind1='1' ind2='4' tag='245'>
        <subfield code='a'>The earliest history of the Christian gathering :</subfield>
        <subfield code='b'>origin, development and content of the Christian gathering in the first to third centuries /</subfield>
        <subfield code='c'>by Valeriy A. Alikin.</subfield>
      </datafield>
      <datafield ind1=' ' ind2=' ' tag='260'>
        <subfield code='a'>Leiden ;</subfield>
        <subfield code='a'>Boston :</subfield>
        <subfield code='b'>Brill,</subfield>
        <subfield code='c'>2010.</subfield>
      </datafield>
      <datafield ind1=' ' ind2=' ' tag='300'>
        <subfield code='a'>xvii, 342 p. :</subfield>
        <subfield code='b'>ill., plans ;</subfield>
        <subfield code='c'>25 cm.</subfield>
      </datafield>
      <datafield ind1=' ' ind2=' ' tag='500'>
        <subfield code='a'>Revision of the author&apos;s thesis (Ph. D.)--Leiden University, 2009.</subfield>
      </datafield>
      <datafield ind1=' ' ind2=' ' tag='504'>
        <subfield code='a'>Includes bibliographical references (p. [301]-321) and indexes.</subfield>
      </datafield>
      <datafield ind1=' ' ind2='0' tag='650'>
        <subfield code='a'>Religious gatherings</subfield>
        <subfield code='x'>Christianity</subfield>
        <subfield code='x'>History.</subfield>
      </datafield>
      <datafield ind1=' ' ind2='0' tag='650'>
        <subfield code='a'>Worship</subfield>
        <subfield code='x'>History</subfield>
        <subfield code='y'>Early church, ca. 30-600.</subfield>
      </datafield>
      <datafield ind1=' ' ind2='0' tag='650'>
        <subfield code='a'>Lord&apos;s Supper</subfield>
        <subfield code='x'>History</subfield>
        <subfield code='y'>Early church, ca. 30-600.</subfield>
      </datafield>
      <datafield ind1=' ' ind2='0' tag='650'>
        <subfield code='a'>Agape</subfield>
        <subfield code='x'>History.</subfield>
      </datafield>
      <datafield ind1=' ' ind2='0' tag='650'>
        <subfield code='a'>Sacred meals</subfield>
        <subfield code='z'>Rome</subfield>
        <subfield code='v'>Comparative studies.</subfield>
      </datafield>
      <datafield ind1=' ' ind2='0' tag='650'>
        <subfield code='a'>Church history</subfield>
        <subfield code='y'>Primitive and early church, ca. 30-600.</subfield>
      </datafield>
      <datafield ind1=' ' ind2='0' tag='650'>
        <subfield code='a'>Religious gatherings</subfield>
        <subfield code='z'>Rome</subfield>
        <subfield code='v'>Comparative studies.</subfield>
      </datafield>
      <datafield ind1=' ' ind2='0' tag='651'>
        <subfield code='a'>Rome</subfield>
        <subfield code='x'>Religious life and customs.</subfield>
      </datafield>
      <datafield ind1=' ' ind2='0' tag='830'>
        <subfield code='a'>Supplements to Vigiliae Christianae ;</subfield>
        <subfield code='v'>v. 102.</subfield>
      </datafield>
      <datafield ind1=' ' ind2=' ' tag='907'>
        <subfield code='a'>b6373471</subfield>
      </datafield>
      <datafield ind1='9' ind2='1' tag='999'>
        <subfield code='i'>i8412509</subfield>
        <subfield code='l'>ddda</subfield>
        <subfield code='s'>-</subfield>
        <subfield code='t'>0</subfield>
        <subfield code='c'>1</subfield>
        <subfield code='o'>2</subfield>
        <subfield code='b'>00038001857</subfield>
        <subfield code='p'>050</subfield>
        <subfield code='q'>|aBV6|b.A44 2010</subfield>
      </datafield>
  </record>