
  <record>
    <leader>00000cam  2200157Ii 4500</leader>
      <controlfield tag='008'>910909s1922    nyu           000 1 eng d</controlfield>
      <controlfield tag='001'>4564616</controlfield>
      <controlfield tag='005'>19910909000000.0</controlfield>
      <datafield ind1=' ' ind2=' ' tag='040'>
        <subfield code='a'>IQU</subfield>
        <subfield code='c'>IQU</subfield>
        <subfield code='d'>m.c.</subfield>
      </datafield>
      <datafield ind1='1' ind2=' ' tag='100'>
        <subfield code='a'>Andersen Nexø, Martin,</subfield>
        <subfield code='d'>1869-1954.</subfield>
      </datafield>
      <datafield ind1='1' ind2='0' tag='245'>
        <subfield code='a'>Ditte:</subfield>
        <subfield code='b'>girl alive! ; Daughter of man ; Towards the stars /</subfield>
        <subfield code='c'>by Martin Andersen Nexø.</subfield>
      </datafield>
      <datafield ind1=' ' ind2=' ' tag='260'>
        <subfield code='a'>New York :</subfield>
        <subfield code='b'>P. Smith,</subfield>
        <subfield code='c'>1922.</subfield>
      </datafield>
      <datafield ind1=' ' ind2=' ' tag='300'>
        <subfield code='a'>3 v. in 1.</subfield>
      </datafield>
      <datafield ind1='0' ind2=' ' tag='740'>
        <subfield code='a'>Ditte : daughter of man.</subfield>
      </datafield>
      <datafield ind1='0' ind2=' ' tag='740'>
        <subfield code='a'>Ditte : towards the stars.</subfield>
      </datafield>
      <datafield ind1=' ' ind2=' ' tag='907'>
        <subfield code='a'>b1584600</subfield>
      </datafield>
      <datafield ind1='9' ind2='1' tag='999'>
        <subfield code='i'>i2245317</subfield>
        <subfield code='l'>trln</subfield>
        <subfield code='s'>-</subfield>
        <subfield code='t'>0</subfield>
        <subfield code='c'>1</subfield>
        <subfield code='o'>0</subfield>
        <subfield code='b'>00039833644</subfield>
        <subfield code='p'>090</subfield>
        <subfield code='q'>|aPT8175.N4 D53</subfield>
      </datafield>
      <datafield ind1='9' ind2='1' tag='999'>
        <subfield code='i'>i2245318</subfield>
        <subfield code='l'>trln</subfield>
        <subfield code='s'>-</subfield>
        <subfield code='t'>0</subfield>
        <subfield code='c'>2</subfield>
        <subfield code='o'>0</subfield>
        <subfield code='b'>00016623478</subfield>
        <subfield code='p'>090</subfield>
        <subfield code='q'>|aPT8175.N4 D53</subfield>
      </datafield>
  </record>