
  <record>
    <leader>00000cam  2200325 a 4500</leader>
      <controlfield tag='008'>941130s1995    njua     b    001 0 eng  </controlfield>
      <controlfield tag='001'>31710175</controlfield>
      <controlfield tag='005'>19970217085437.0</controlfield>
      <datafield ind1=' ' ind2=' ' tag='010'>
        <subfield code='a'>94045561</subfield>
      </datafield>
      <datafield ind1=' ' ind2=' ' tag='020'>
        <subfield code='a'>0805815201</subfield>
      </datafield>
      <datafield ind1=' ' ind2=' ' tag='040'>
        <subfield code='a'>DLC</subfield>
        <subfield code='c'>DLC</subfield>
        <subfield code='d'>NLM</subfield>
        <subfield code='d'>NOH</subfield>
      </datafield>
      <datafield ind1='0' ind2='0' tag='050'>
        <subfield code='a'>QP356.25</subfield>
        <subfield code='b'>.K65 1995</subfield>
      </datafield>
      <datafield ind1='0' ind2='0' tag='060'>
        <subfield code='a'>1996 A-120</subfield>
      </datafield>
      <datafield ind1='1' ind2='0' tag='060'>
        <subfield code='a'>WL 300</subfield>
        <subfield code='b'>K808b 1995</subfield>
      </datafield>
      <datafield ind1='0' ind2=' ' tag='069'>
        <subfield code='a'>9601033</subfield>
      </datafield>
      <datafield ind1='0' ind2='0' tag='082'>
        <subfield code='a'>612.8/2</subfield>
        <subfield code='2'>20</subfield>
      </datafield>
      <datafield ind1='1' ind2=' ' tag='100'>
        <subfield code='a'>Kolb, Bryan,</subfield>
        <subfield code='d'>1947-</subfield>
      </datafield>
      <datafield ind1='1' ind2='0' tag='245'>
        <subfield code='a'>Brain plasticity and behavior /</subfield>
        <subfield code='c'>Bryan Kolb.</subfield>
      </datafield>
      <datafield ind1=' ' ind2=' ' tag='260'>
        <subfield code='a'>Mahwah, N.J. :</subfield>
        <subfield code='b'>Lawrence Erlbaum Associates,</subfield>
        <subfield code='c'>1995.</subfield>
      </datafield>
      <datafield ind1=' ' ind2=' ' tag='300'>
        <subfield code='a'>xiii, 194 p. :</subfield>
        <subfield code='b'>ill. ;</subfield>
        <subfield code='c'>24 cm.</subfield>
      </datafield>
      <datafield ind1=' ' ind2=' ' tag='504'>
        <subfield code='a'>Includes bibliographical references (p. 171-183) and indexes.</subfield>
      </datafield>
      <datafield ind1='1' ind2='2' tag='650'>
        <subfield code='a'>Brain</subfield>
        <subfield code='x'>physiology.</subfield>
      </datafield>
      <datafield ind1=' ' ind2='0' tag='650'>
        <subfield code='a'>Brain</subfield>
        <subfield code='x'>Growth.</subfield>
      </datafield>
      <datafield ind1='2' ind2='2' tag='650'>
        <subfield code='a'>Neuronal Plasticity.</subfield>
      </datafield>
      <datafield ind1=' ' ind2='0' tag='650'>
        <subfield code='a'>Neuroplasticity.</subfield>
      </datafield>
      <datafield ind1=' ' ind2='0' tag='650'>
        <subfield code='a'>Nervous system</subfield>
        <subfield code='x'>Regeneration.</subfield>
      </datafield>
      <datafield ind1='2' ind2='2' tag='650'>
        <subfield code='a'>Regeneration.</subfield>
      </datafield>
      <datafield ind1='2' ind2='2' tag='650'>
        <subfield code='a'>Brain Injuries.</subfield>
      </datafield>
      <datafield ind1=' ' ind2='0' tag='650'>
        <subfield code='a'>Brain damage.</subfield>
      </datafield>
      <datafield ind1=' ' ind2=' ' tag='907'>
        <subfield code='a'>b2983530</subfield>
      </datafield>
      <datafield ind1='9' ind2='1' tag='999'>
        <subfield code='i'>i4245038</subfield>
        <subfield code='l'>nohh</subfield>
        <subfield code='s'>-</subfield>
        <subfield code='t'>0</subfield>
        <subfield code='c'>1</subfield>
        <subfield code='o'>3</subfield>
        <subfield code='b'>H00199355W</subfield>
        <subfield code='p'>096</subfield>
        <subfield code='q'>|aWL 300 K815b 1995</subfield>
      </datafield>
  </record>