
  <record>
    <leader>00000cam a22003371  4500</leader>
      <controlfield tag='008'>840525s1962    nyua     b    000 0 eng  </controlfield>
      <controlfield tag='001'>528570</controlfield>
      <controlfield tag='005'>19930702124012.0</controlfield>
      <datafield ind1=' ' ind2=' ' tag='010'>
        <subfield code='a'>62010932 /L/r842</subfield>
      </datafield>
      <datafield ind1=' ' ind2=' ' tag='019'>
        <subfield code='a'>1021048</subfield>
      </datafield>
      <datafield ind1=' ' ind2=' ' tag='040'>
        <subfield code='a'>DLC/ICU</subfield>
        <subfield code='c'>CGU</subfield>
        <subfield code='d'>m/c</subfield>
      </datafield>
      <datafield ind1='0' ind2=' ' tag='050'>
        <subfield code='a'>QA276</subfield>
        <subfield code='b'>.S29</subfield>
      </datafield>
      <datafield ind1='0' ind2=' ' tag='082'>
        <subfield code='a'>519.9</subfield>
      </datafield>
      <datafield ind1='1' ind2=' ' tag='100'>
        <subfield code='a'>Sarhān, Ahmad ʻIbādah.</subfield>
      </datafield>
      <datafield ind1='1' ind2='0' tag='245'>
        <subfield code='a'>Contributions to order statistics.</subfield>
        <subfield code='c'>Edited by Ahmed E. Sarhan and Bernard G. Greenberg.</subfield>
      </datafield>
      <datafield ind1=' ' ind2=' ' tag='260'>
        <subfield code='a'>New York,</subfield>
        <subfield code='b'>Wiley</subfield>
        <subfield code='c'>[1962]</subfield>
      </datafield>
      <datafield ind1=' ' ind2=' ' tag='300'>
        <subfield code='a'>482 p.</subfield>
        <subfield code='b'>illus.</subfield>
        <subfield code='c'>24 cm.</subfield>
      </datafield>
      <datafield ind1=' ' ind2=' ' tag='504'>
        <subfield code='a'>Includes bibliography.</subfield>
      </datafield>
      <datafield ind1=' ' ind2='0' tag='650'>
        <subfield code='a'>Mathematical statistics.</subfield>
      </datafield>
      <datafield ind1='1' ind2=' ' tag='700'>
        <subfield code='a'>Greenberg, Bernard G.</subfield>
      </datafield>
      <datafield ind1=' ' ind2='0' tag='830'>
        <subfield code='a'>Wiley publication in applied statistics.</subfield>
      </datafield>
      <datafield ind1=' ' ind2=' ' tag='907'>
        <subfield code='a'>b2550831</subfield>
      </datafield>
      <datafield ind1='9' ind2='1' tag='999'>
        <subfield code='i'>i3669654</subfield>
        <subfield code='l'>bbla</subfield>
        <subfield code='s'>-</subfield>
        <subfield code='t'>0</subfield>
        <subfield code='c'>2</subfield>
        <subfield code='o'>2</subfield>
        <subfield code='b'>10001450332</subfield>
        <subfield code='p'>090</subfield>
        <subfield code='q'>|aQA276 .S29</subfield>
      </datafield>
      <datafield ind1='9' ind2='1' tag='999'>
        <subfield code='i'>i3669655</subfield>
        <subfield code='l'>bbla</subfield>
        <subfield code='s'>-</subfield>
        <subfield code='t'>0</subfield>
        <subfield code='c'>3</subfield>
        <subfield code='o'>9</subfield>
        <subfield code='b'>00011408764</subfield>
        <subfield code='p'>090</subfield>
        <subfield code='q'>|aQA276 .S29</subfield>
      </datafield>
  </record>