
  <record>
    <leader>00000cam  2200169Ia 4500</leader>
      <controlfield tag='008'>870112s1917    po            000 0 por d</controlfield>
      <controlfield tag='001'>15057065</controlfield>
      <controlfield tag='005'>19870112000000.0</controlfield>
      <datafield ind1=' ' ind2=' ' tag='040'>
        <subfield code='a'>NOC</subfield>
        <subfield code='c'>NOC</subfield>
      </datafield>
      <datafield ind1='0' ind2='0' tag='245'>
        <subfield code='a'>Mil trovas populares portuguesas /</subfield>
        <subfield code='c'>coleccionadas e prefaciadas por Agostinho de Campos e Alberto d&apos;Oliveira.</subfield>
      </datafield>
      <datafield ind1=' ' ind2=' ' tag='250'>
        <subfield code='a'>3a ed. refundida.</subfield>
      </datafield>
      <datafield ind1=' ' ind2=' ' tag='260'>
        <subfield code='a'>Lisboa :</subfield>
        <subfield code='b'>Livrarias Aillaud e Bertrand,</subfield>
        <subfield code='c'>1917.</subfield>
      </datafield>
      <datafield ind1=' ' ind2=' ' tag='300'>
        <subfield code='a'>xxxvii, 312 p. ;</subfield>
        <subfield code='c'>18 cm.</subfield>
      </datafield>
      <datafield ind1=' ' ind2='0' tag='650'>
        <subfield code='a'>Folk songs, Portuguese.</subfield>
      </datafield>
      <datafield ind1='1' ind2=' ' tag='700'>
        <subfield code='a'>Campos, Agostinho de,</subfield>
        <subfield code='d'>1870-1944.</subfield>
      </datafield>
      <datafield ind1='1' ind2=' ' tag='700'>
        <subfield code='a'>Oliveira, Alberto d&apos;,</subfield>
        <subfield code='d'>1873-1940.</subfield>
      </datafield>
      <datafield ind1=' ' ind2=' ' tag='907'>
        <subfield code='a'>b2165908</subfield>
      </datafield>
      <datafield ind1='9' ind2='1' tag='999'>
        <subfield code='i'>i3124439</subfield>
        <subfield code='l'>ddda</subfield>
        <subfield code='s'>-</subfield>
        <subfield code='t'>0</subfield>
        <subfield code='c'>1</subfield>
        <subfield code='o'>0</subfield>
        <subfield code='b'>00003611121</subfield>
        <subfield code='p'>090</subfield>
        <subfield code='q'>|aPQ9160 .M54 1917</subfield>
      </datafield>
  </record>