
  <record>
    <leader>00000ccm a2200565Ii 4500</leader>
      <controlfield tag='008'>160420t20161995nyucsl   i     n    und d</controlfield>
      <controlfield tag='001'>948627790</controlfield>
      <controlfield tag='003'>OCoLC</controlfield>
      <controlfield tag='005'>20161004095945.0</controlfield>
      <datafield ind1=' ' ind2=' ' tag='035'>
        <subfield code='a'>(OCoLC)948627790</subfield>
      </datafield>
      <datafield ind1=' ' ind2=' ' tag='040'>
        <subfield code='a'>TDF</subfield>
        <subfield code='b'>eng</subfield>
        <subfield code='e'>rda</subfield>
        <subfield code='c'>TDF</subfield>
        <subfield code='d'>OCLCO</subfield>
        <subfield code='d'>NDD</subfield>
        <subfield code='d'>OCLCO</subfield>
        <subfield code='d'>AZS</subfield>
        <subfield code='d'>OCLCO</subfield>
        <subfield code='d'>NOC</subfield>
      </datafield>
      <datafield ind1='0' ind2=' ' tag='041'>
        <subfield code='a'>und</subfield>
        <subfield code='g'>eng</subfield>
      </datafield>
      <datafield ind1=' ' ind2=' ' tag='046'>
        <subfield code='k'>1995-03-09</subfield>
        <subfield code='2'>edtf</subfield>
      </datafield>
      <datafield ind1=' ' ind2=' ' tag='049'>
        <subfield code='a'>OFC1</subfield>
      </datafield>
      <datafield ind1='1' ind2=' ' tag='100'>
        <subfield code='a'>La Barbara, Joan,</subfield>
        <subfield code='d'>1947-</subfield>
        <subfield code='e'>composer.</subfield>
      </datafield>
      <datafield ind1='1' ind2='0' tag='240'>
        <subfield code='a'>Calligraphy II/Shadows</subfield>
      </datafield>
      <datafield ind1='1' ind2='0' tag='245'>
        <subfield code='a'>Calligraphy II/Shadows :</subfield>
        <subfield code='b'>for voice and Chinese instruments /</subfield>
        <subfield code='c'>Joan la Barbara.</subfield>
      </datafield>
      <datafield ind1='3' ind2='0' tag='246'>
        <subfield code='a'>Shadows</subfield>
      </datafield>
      <datafield ind1='3' ind2=' ' tag='246'>
        <subfield code='a'>Calligraphy 2/Shadows</subfield>
      </datafield>
      <datafield ind1='3' ind2=' ' tag='246'>
        <subfield code='a'>Calligraphy two/Shadows</subfield>
      </datafield>
      <datafield ind1=' ' ind2=' ' tag='250'>
        <subfield code='a'>Composer edition.</subfield>
      </datafield>
      <datafield ind1=' ' ind2='1' tag='264'>
        <subfield code='a'>New York :</subfield>
        <subfield code='b'>Project Schott New York,</subfield>
        <subfield code='c'>[2016?]</subfield>
      </datafield>
      <datafield ind1=' ' ind2='2' tag='264'>
        <subfield code='a'>[Place of distribution not identified] :</subfield>
        <subfield code='b'>European American Distributors LLC.</subfield>
      </datafield>
      <datafield ind1=' ' ind2='4' tag='264'>
        <subfield code='c'>©1995</subfield>
      </datafield>
      <datafield ind1=' ' ind2=' ' tag='300'>
        <subfield code='a'>1 score (33 pages) ;</subfield>
        <subfield code='c'>23 x 31 cm</subfield>
      </datafield>
      <datafield ind1=' ' ind2=' ' tag='336'>
        <subfield code='a'>notated music</subfield>
        <subfield code='b'>ntm</subfield>
        <subfield code='2'>rdacontent</subfield>
      </datafield>
      <datafield ind1=' ' ind2=' ' tag='337'>
        <subfield code='a'>unmediated</subfield>
        <subfield code='b'>n</subfield>
        <subfield code='2'>rdamedia</subfield>
      </datafield>
      <datafield ind1=' ' ind2=' ' tag='338'>
        <subfield code='a'>volume</subfield>
        <subfield code='b'>nc</subfield>
        <subfield code='2'>rdacarrier</subfield>
      </datafield>
      <datafield ind1='0' ind2='1' tag='382'>
        <subfield code='a'>voice</subfield>
        <subfield code='n'>1</subfield>
        <subfield code='a'>di zi</subfield>
        <subfield code='n'>1</subfield>
        <subfield code='a'>er hu</subfield>
        <subfield code='n'>1</subfield>
        <subfield code='a'>yang qin</subfield>
        <subfield code='n'>1</subfield>
        <subfield code='a'>percussion</subfield>
        <subfield code='n'>1</subfield>
        <subfield code='s'>5</subfield>
        <subfield code='2'>lcmpt</subfield>
      </datafield>
      <datafield ind1=' ' ind2=' ' tag='500'>
        <subfield code='a'>For voice and Chinese instruments (dizi, erhu, yangqi, and percussion).</subfield>
      </datafield>
      <datafield ind1=' ' ind2=' ' tag='500'>
        <subfield code='a'>Wordless text.</subfield>
      </datafield>
      <datafield ind1=' ' ind2=' ' tag='500'>
        <subfield code='a'>Cover title.</subfield>
      </datafield>
      <datafield ind1=' ' ind2=' ' tag='500'>
        <subfield code='a'>Includes program note by the composer.</subfield>
      </datafield>
      <datafield ind1=' ' ind2=' ' tag='500'>
        <subfield code='a'>Reproduced from holograph.</subfield>
      </datafield>
      <datafield ind1=' ' ind2=' ' tag='500'>
        <subfield code='a'>At end: 9 March 95 NYC.</subfield>
      </datafield>
      <datafield ind1=' ' ind2=' ' tag='546'>
        <subfield code='b'>Staff notation;</subfield>
        <subfield code='b'>Graphic notation.</subfield>
      </datafield>
      <datafield ind1='1' ind2='0' tag='600'>
        <subfield code='a'>La Barbara, Joan,</subfield>
        <subfield code='d'>1947-</subfield>
        <subfield code='v'>Manuscripts</subfield>
        <subfield code='v'>Facsimiles.</subfield>
      </datafield>
      <datafield ind1=' ' ind2='0' tag='650'>
        <subfield code='a'>Vocalises with instrumental ensemble</subfield>
        <subfield code='v'>Scores.</subfield>
      </datafield>
      <datafield ind1=' ' ind2='0' tag='650'>
        <subfield code='a'>Music</subfield>
        <subfield code='v'>Manuscripts</subfield>
        <subfield code='v'>Facsimiles.</subfield>
      </datafield>
      <datafield ind1=' ' ind2='7' tag='655'>
        <subfield code='a'>Vocalises.</subfield>
        <subfield code='2'>lcgft</subfield>
      </datafield>
      <datafield ind1=' ' ind2='7' tag='655'>
        <subfield code='a'>Scores.</subfield>
        <subfield code='2'>lcgft</subfield>
      </datafield>
      <datafield ind1=' ' ind2='7' tag='655'>
        <subfield code='a'>Chamber music.</subfield>
        <subfield code='2'>lcgft</subfield>
      </datafield>
      <datafield ind1=' ' ind2='7' tag='655'>
        <subfield code='a'>Aleatory music.</subfield>
        <subfield code='2'>lcgft</subfield>
      </datafield>
      <datafield ind1=' ' ind2=' ' tag='907'>
        <subfield code='a'>b8541754</subfield>
      </datafield>
      <datafield ind1='9' ind2='1' tag='999'>
        <subfield code='i'>i11134663</subfield>
        <subfield code='l'>mmda</subfield>
        <subfield code='s'>-</subfield>
        <subfield code='t'>45</subfield>
        <subfield code='c'>1</subfield>
        <subfield code='o'>0</subfield>
        <subfield code='b'>00050486142</subfield>
        <subfield code='p'>090</subfield>
        <subfield code='q'>|aM1613.3.L317|bC3 2016</subfield>
      </datafield>
  </record>