
  <record>
    <leader>00000ngm a22005531i 4500</leader>
      <controlfield tag='006'>m    |o  c |</controlfield>
      <controlfield tag='007'>cr cna</controlfield>
      <controlfield tag='007'>vz czazzu</controlfield>
      <controlfield tag='008'>170427p20162015nyu054 |     |o   vleng|d</controlfield>
      <controlfield tag='001'>FMGFOD124872</controlfield>
      <controlfield tag='003'>FOD</controlfield>
      <controlfield tag='005'>20170427031547.0</controlfield>
      <datafield ind1='4' ind2='0' tag='028'>
        <subfield code='a'>124871s</subfield>
        <subfield code='b'>Films Media Group</subfield>
      </datafield>
      <datafield ind1='4' ind2='0' tag='028'>
        <subfield code='a'>124872</subfield>
        <subfield code='b'>Films Media Group</subfield>
      </datafield>
      <datafield ind1=' ' ind2=' ' tag='035'>
        <subfield code='a'>(OCoLC)985484953</subfield>
      </datafield>
      <datafield ind1=' ' ind2=' ' tag='040'>
        <subfield code='a'>AzPhAEM</subfield>
        <subfield code='b'>eng</subfield>
        <subfield code='e'>rda</subfield>
      </datafield>
      <datafield ind1='0' ind2=' ' tag='041'>
        <subfield code='a'>eng</subfield>
        <subfield code='j'>eng</subfield>
        <subfield code='h'>eng</subfield>
      </datafield>
      <datafield ind1=' ' ind2=' ' tag='046'>
        <subfield code='k'>2015</subfield>
      </datafield>
      <datafield ind1='0' ind2='4' tag='245'>
        <subfield code='a'>The War of Words.</subfield>
        <subfield code='n'>Episode 1 /</subfield>
        <subfield code='c'>BBC Worldwide Ltd.</subfield>
      </datafield>
      <datafield ind1=' ' ind2='1' tag='264'>
        <subfield code='a'>[Place of publication not identified] :</subfield>
        <subfield code='b'>BBC Worldwide Ltd,</subfield>
        <subfield code='c'>[2015]</subfield>
      </datafield>
      <datafield ind1=' ' ind2='4' tag='264'>
        <subfield code='c'>©2015</subfield>
      </datafield>
      <datafield ind1='3' ind2='2' tag='264'>
        <subfield code='a'>New York, N.Y. :</subfield>
        <subfield code='b'>Distributed by Films Media Group,</subfield>
        <subfield code='c'>2016.</subfield>
      </datafield>
      <datafield ind1=' ' ind2=' ' tag='300'>
        <subfield code='a'>1 streaming video (53 min., 19 sec.) :</subfield>
        <subfield code='b'>sound, color.</subfield>
      </datafield>
      <datafield ind1=' ' ind2=' ' tag='336'>
        <subfield code='a'>two-dimensional moving image</subfield>
        <subfield code='b'>tdi</subfield>
        <subfield code='2'>rdacontent</subfield>
      </datafield>
      <datafield ind1=' ' ind2=' ' tag='337'>
        <subfield code='a'>computer</subfield>
        <subfield code='b'>c</subfield>
        <subfield code='2'>rdamedia</subfield>
      </datafield>
      <datafield ind1=' ' ind2=' ' tag='338'>
        <subfield code='a'>online resource</subfield>
        <subfield code='b'>cr</subfield>
        <subfield code='2'>rdacarrier</subfield>
      </datafield>
      <datafield ind1=' ' ind2=' ' tag='347'>
        <subfield code='a'>video file</subfield>
        <subfield code='2'>rda</subfield>
      </datafield>
      <datafield ind1=' ' ind2=' ' tag='500'>
        <subfield code='a'>Originally released by BBC Worldwide Ltd, 2015.</subfield>
      </datafield>
      <datafield ind1='0' ind2=' ' tag='505'>
        <subfield code='a'>Summit of a Journey (2:04) -- A British Solution (2:02) -- At War With Germany (2:16) -- Orgy of Organ Music (2:28) -- War of Words (1:53) -- Effect of Doublespeak (3:08) -- Stifled by Censors (3:09) -- Prestige of the Nation (2:31) -- First Casualty of War (2:52) -- Undermining Public Morale (2:03) -- Dust in the Eyes (2:39) -- Sinister and Seductive (2:56) -- Fairer and More Equal (4:20) -- Master of Rhetoric (3:10) -- Hard, Stony Sound (2:49) -- Broadcaster&apos;s Dilemma (3:16) -- &quot;The Internationale&quot; (3:45) -- Military Disaster (4:44) -- Credits: The War of Words: Episode 1-BBC At War (0:44)</subfield>
      </datafield>
      <datafield ind1='1' ind2=' ' tag='506'>
        <subfield code='a'>Access limited to UNC-Chapel Hill authenticated users.</subfield>
        <subfield code='f'>Unlimited simultaneous users</subfield>
      </datafield>
      <datafield ind1=' ' ind2=' ' tag='520'>
        <subfield code='a'>In the first installment of the series, BBC presenter Jonathan Dimbleby hones in on the effects of World War II on the then infant broadcasting corporation of BBC. World War II was the first broadcast war, which BBC was entirely unprepared for, so pioneers in broadcasting including Dimbleby&apos;s own father Richard Dimbleby broke through barriers and restrictions in order to communicate the truth, and renditions of the truth, to the British public and other global listeners. From author and playwright J.B. Priestley to United States correspondent Edward R. Murrow to Britain&apos;s very own Prime Minister Winston Churchill, the broadcasting medium took a new purpose through the course of the WWII conflict. Opponents to the BBC and Britain including Adolf Hitler himself and propaganda specialist Joseph Goebbels also utilized public broadcasting in new, advantageous ways, as Dimbleby chronicles.</subfield>
      </datafield>
      <datafield ind1='2' ind2=' ' tag='521'>
        <subfield code='a'>9 &amp; up.</subfield>
      </datafield>
      <datafield ind1=' ' ind2=' ' tag='546'>
        <subfield code='a'>Closed-captioned.</subfield>
      </datafield>
      <datafield ind1='0' ind2=' ' tag='588'>
        <subfield code='a'>Title from distributor&apos;s description (Films Media Group, January 17, 2017)</subfield>
      </datafield>
      <datafield ind1=' ' ind2='0' tag='650'>
        <subfield code='a'>Propaganda.</subfield>
      </datafield>
      <datafield ind1=' ' ind2='0' tag='650'>
        <subfield code='a'>War correspondents.</subfield>
      </datafield>
      <datafield ind1=' ' ind2='0' tag='650'>
        <subfield code='a'>World War, 1939-1945</subfield>
        <subfield code='x'>Journalism, Military.</subfield>
      </datafield>
      <datafield ind1='2' ind2=' ' tag='710'>
        <subfield code='a'>BBC Worldwide Ltd</subfield>
      </datafield>
      <datafield ind1='0' ind2=' ' tag='773'>
        <subfield code='t'>FMG films on demand (online collection)</subfield>
      </datafield>
      <datafield ind1=' ' ind2='0' tag='830'>
        <subfield code='a'>BBC at war.</subfield>
      </datafield>
      <datafield ind1='4' ind2='0' tag='856'>
        <subfield code='u'>http://libproxy.lib.unc.edu/login?url=http://fod.infobase.com/PortalPlaylists.aspx?wID=102632&amp;xtid=124872</subfield>
        <subfield code='y'>Streaming video available via the UNC-Chapel Hill Libraries</subfield>
        <subfield code='x'>FMG Films on Demand</subfield>
      </datafield>
      <datafield ind1=' ' ind2=' ' tag='919'>
        <subfield code='a'>filmfinder</subfield>
      </datafield>
      <datafield ind1=' ' ind2=' ' tag='907'>
        <subfield code='a'>b8882687</subfield>
      </datafield>
  </record>