
  <record>
    <leader>00000cam  2200265Ia 4500</leader>
      <controlfield tag='008'>880719s1988    nyu           000 0 eng d</controlfield>
      <controlfield tag='001'>17995652</controlfield>
      <controlfield tag='005'>19880719000000.0</controlfield>
      <datafield ind1=' ' ind2=' ' tag='040'>
        <subfield code='a'>JFY</subfield>
        <subfield code='c'>JFY</subfield>
        <subfield code='d'>NDO</subfield>
      </datafield>
      <datafield ind1='0' ind2='0' tag='245'>
        <subfield code='a'>Employee welfare benefit plans, 1988 /</subfield>
        <subfield code='c'>Cynthia M. Combe, chairman.</subfield>
      </datafield>
      <datafield ind1=' ' ind2=' ' tag='260'>
        <subfield code='a'>New York, N.Y. (810 7th Ave., New York 10019) :</subfield>
        <subfield code='b'>Practising Law Institute,</subfield>
        <subfield code='c'>c1988.</subfield>
      </datafield>
      <datafield ind1=' ' ind2=' ' tag='300'>
        <subfield code='a'>656 p. ;</subfield>
        <subfield code='c'>22 cm.</subfield>
      </datafield>
      <datafield ind1=' ' ind2=' ' tag='500'>
        <subfield code='a'>&quot;Prepared for distribution at the Employee welfare benefits plans program, May-June 1988&quot;--P. 5.</subfield>
      </datafield>
      <datafield ind1=' ' ind2=' ' tag='500'>
        <subfield code='a'>&quot;J4-3617.&quot;</subfield>
      </datafield>
      <datafield ind1=' ' ind2='0' tag='650'>
        <subfield code='a'>Employee fringe benefits</subfield>
        <subfield code='x'>Taxation</subfield>
        <subfield code='x'>Law and legislation</subfield>
        <subfield code='z'>United States.</subfield>
      </datafield>
      <datafield ind1='1' ind2=' ' tag='700'>
        <subfield code='a'>Combe, Cynthia M.</subfield>
      </datafield>
      <datafield ind1='2' ind2=' ' tag='710'>
        <subfield code='a'>Practising Law Institute.</subfield>
      </datafield>
      <datafield ind1=' ' ind2='0' tag='830'>
        <subfield code='a'>Tax law and estate planning series.</subfield>
      </datafield>
      <datafield ind1=' ' ind2='0' tag='830'>
        <subfield code='a'>Tax law and practice course handbook series ;</subfield>
        <subfield code='v'>no. 273.</subfield>
      </datafield>
      <datafield ind1=' ' ind2=' ' tag='907'>
        <subfield code='a'>b2249675</subfield>
      </datafield>
      <datafield ind1='9' ind2='1' tag='999'>
        <subfield code='i'>i3241822</subfield>
        <subfield code='l'>ksta</subfield>
        <subfield code='s'>-</subfield>
        <subfield code='t'>0</subfield>
        <subfield code='c'>1</subfield>
        <subfield code='o'>0</subfield>
        <subfield code='b'>L00020074D</subfield>
        <subfield code='p'>090</subfield>
        <subfield code='q'>|aKF6410.Z9 E46 1988</subfield>
      </datafield>
  </record>