
  <record>
    <leader>00000cam  2200325 a 4500</leader>
      <controlfield tag='008'>940927s1994    dcua     b    101 0 eng  </controlfield>
      <controlfield tag='001'>31329044</controlfield>
      <controlfield tag='005'>19950426113020.0</controlfield>
      <datafield ind1=' ' ind2=' ' tag='010'>
        <subfield code='a'>94038930</subfield>
      </datafield>
      <datafield ind1=' ' ind2=' ' tag='020'>
        <subfield code='a'>0841230560</subfield>
      </datafield>
      <datafield ind1=' ' ind2=' ' tag='040'>
        <subfield code='a'>DLC</subfield>
        <subfield code='c'>DLC</subfield>
        <subfield code='d'>OPS</subfield>
        <subfield code='d'>LDL</subfield>
        <subfield code='d'>AGL</subfield>
        <subfield code='d'>NOC</subfield>
      </datafield>
      <datafield ind1='0' ind2='0' tag='050'>
        <subfield code='a'>QP623.5.A58</subfield>
        <subfield code='b'>C37 1994</subfield>
      </datafield>
      <datafield ind1='0' ind2='0' tag='082'>
        <subfield code='a'>547.7/9</subfield>
        <subfield code='2'>20</subfield>
      </datafield>
      <datafield ind1='0' ind2='0' tag='245'>
        <subfield code='a'>Carbohydrate modifications in antisense research /</subfield>
        <subfield code='c'>Yogesh S. Sanghvi, editor, P. Dan Cook, editor.</subfield>
      </datafield>
      <datafield ind1=' ' ind2=' ' tag='260'>
        <subfield code='a'>Washington, DC :</subfield>
        <subfield code='b'>American Chemical Society,</subfield>
        <subfield code='c'>1994.</subfield>
      </datafield>
      <datafield ind1=' ' ind2=' ' tag='300'>
        <subfield code='a'>viii, 232 p. :</subfield>
        <subfield code='b'>ill. ;</subfield>
        <subfield code='c'>24 cm.</subfield>
      </datafield>
      <datafield ind1=' ' ind2=' ' tag='500'>
        <subfield code='a'>&quot;Developed from a symposium sponsored by the Division of Carbohydrate Chemistry at the 207th National Meeting of the American Chemical Society, San Diego, California, March 13-17, 1994.&quot;</subfield>
      </datafield>
      <datafield ind1=' ' ind2=' ' tag='504'>
        <subfield code='a'>Includes bibliographical references and indexes.</subfield>
      </datafield>
      <datafield ind1=' ' ind2='0' tag='650'>
        <subfield code='a'>Antisense nucleic acids</subfield>
        <subfield code='v'>Congresses.</subfield>
      </datafield>
      <datafield ind1=' ' ind2='0' tag='650'>
        <subfield code='a'>Oligonucleotides</subfield>
        <subfield code='x'>Derivatives</subfield>
        <subfield code='v'>Congresses.</subfield>
      </datafield>
      <datafield ind1=' ' ind2='0' tag='650'>
        <subfield code='a'>Carbohydrates</subfield>
        <subfield code='v'>Congresses.</subfield>
      </datafield>
      <datafield ind1='1' ind2=' ' tag='700'>
        <subfield code='a'>Sanghvi, Yogesh S.,</subfield>
        <subfield code='d'>1956-</subfield>
      </datafield>
      <datafield ind1='1' ind2=' ' tag='700'>
        <subfield code='a'>Cook, P. Dan,</subfield>
        <subfield code='d'>1944-</subfield>
      </datafield>
      <datafield ind1='2' ind2=' ' tag='710'>
        <subfield code='a'>American Chemical Society.</subfield>
        <subfield code='b'>Division of Carbohydrate Chemistry.</subfield>
      </datafield>
      <datafield ind1='2' ind2=' ' tag='710'>
        <subfield code='a'>American Chemical Society.</subfield>
        <subfield code='b'>Meeting</subfield>
        <subfield code='n'>(207th :</subfield>
        <subfield code='d'>1994 :</subfield>
        <subfield code='c'>San Diego, Calif.)</subfield>
      </datafield>
      <datafield ind1=' ' ind2='0' tag='830'>
        <subfield code='a'>ACS symposium series ;</subfield>
        <subfield code='v'>580.</subfield>
      </datafield>
      <datafield ind1=' ' ind2=' ' tag='907'>
        <subfield code='a'>b2701931</subfield>
      </datafield>
      <datafield ind1='9' ind2='1' tag='999'>
        <subfield code='i'>i3886318</subfield>
        <subfield code='l'>bbla</subfield>
        <subfield code='s'>-</subfield>
        <subfield code='t'>0</subfield>
        <subfield code='c'>1</subfield>
        <subfield code='o'>1</subfield>
        <subfield code='b'>00010385442</subfield>
        <subfield code='p'>090</subfield>
        <subfield code='q'>|aQP623.5.A58 C37 1994</subfield>
      </datafield>
  </record>