
  <record>
    <leader>00000njm  2200313Ka 4500</leader>
      <controlfield tag='008'>121008s1952    nju                 eng d</controlfield>
      <controlfield tag='007'>sd dmsdnnmsluu</controlfield>
      <controlfield tag='001'>812704522</controlfield>
      <datafield ind1='1' ind2='2' tag='028'>
        <subfield code='a'>20-4632</subfield>
        <subfield code='b'>RCA Victor</subfield>
      </datafield>
      <datafield ind1='1' ind2='2' tag='028'>
        <subfield code='a'>E1VB-4013-1S (matrix)</subfield>
      </datafield>
      <datafield ind1='1' ind2='2' tag='028'>
        <subfield code='a'>E2VB-5648-1S (matrix)</subfield>
      </datafield>
      <datafield ind1='0' ind2='0' tag='245'>
        <subfield code='a'>My mother</subfield>
        <subfield code='h'>[sound recording] ;</subfield>
        <subfield code='b'>I just telephone upstairs.</subfield>
      </datafield>
      <datafield ind1='1' ind2=' ' tag='246'>
        <subfield code='i'>Side B:</subfield>
        <subfield code='a'>I just telephone upstairs</subfield>
      </datafield>
      <datafield ind1=' ' ind2=' ' tag='260'>
        <subfield code='a'>Camden, N.J. :</subfield>
        <subfield code='b'>RCA Victor,</subfield>
        <subfield code='c'>[1952]</subfield>
      </datafield>
      <datafield ind1=' ' ind2=' ' tag='300'>
        <subfield code='a'>1 sound disc :</subfield>
        <subfield code='b'>analog, 78 rpm, mono. ;</subfield>
        <subfield code='c'>10 in.</subfield>
      </datafield>
      <datafield ind1=' ' ind2=' ' tag='500'>
        <subfield code='a'>Condition: Excellent.</subfield>
      </datafield>
      <datafield ind1=' ' ind2=' ' tag='500'>
        <subfield code='a'>Composer: Side A: C.E. Snow. Side B: Audrey Call.</subfield>
      </datafield>
      <datafield ind1=' ' ind2=' ' tag='500'>
        <subfield code='a'>John Edwards Memorial Collection.</subfield>
      </datafield>
      <datafield ind1=' ' ind2=' ' tag='500'>
        <subfield code='a'>Special Collection material:  Use of audio or visual material may require production of listening or viewing copies before use.  Contact wilsonlibrary@unc.edu before visiting reading room for more information.</subfield>
      </datafield>
      <datafield ind1='0' ind2=' ' tag='511'>
        <subfield code='a'>Side A: Hank Snow and the Jordanaires with the Rainbow Ranch Boys. Side B: Hank Snow with male quartet and the Rainbow Ranch Boys.</subfield>
      </datafield>
      <datafield ind1=' ' ind2='0' tag='650'>
        <subfield code='a'>Country music</subfield>
        <subfield code='y'>1951-1960.</subfield>
      </datafield>
      <datafield ind1='1' ind2=' ' tag='700'>
        <subfield code='a'>Snow, Hank.</subfield>
        <subfield code='4'>cmp</subfield>
        <subfield code='4'>prf</subfield>
      </datafield>
      <datafield ind1='1' ind2=' ' tag='700'>
        <subfield code='a'>Call, Audrey.</subfield>
        <subfield code='4'>cmp</subfield>
      </datafield>
      <datafield ind1='2' ind2=' ' tag='710'>
        <subfield code='a'>Jordanaires (Musical group)</subfield>
        <subfield code='4'>prf</subfield>
      </datafield>
      <datafield ind1='2' ind2=' ' tag='710'>
        <subfield code='a'>Rainbow Ranch Boys.</subfield>
        <subfield code='4'>prf</subfield>
      </datafield>
      <datafield ind1='4' ind2='2' tag='856'>
        <subfield code='3'>Finding aid for the John Edwards Memorial Collection</subfield>
        <subfield code='u'>http://finding-aids.lib.unc.edu/20001/</subfield>
      </datafield>
      <datafield ind1=' ' ind2=' ' tag='907'>
        <subfield code='a'>b7244225</subfield>
      </datafield>
      <datafield ind1='9' ind2='1' tag='999'>
        <subfield code='i'>i9765729</subfield>
        <subfield code='l'>wadb</subfield>
        <subfield code='s'>o</subfield>
        <subfield code='t'>50</subfield>
        <subfield code='c'>1</subfield>
        <subfield code='o'>0</subfield>
        <subfield code='p'>099</subfield>
        <subfield code='q'>|a78-13369</subfield>
        <subfield code='n'>Special Collection material:  Use of audio or visual material may require production of listening or viewing copies before use.  Contact wilsonlibrary@unc.edu before visiting reading room for more information.</subfield>
      </datafield>
  </record>