
  <record>
    <leader>00000nam a22002897a 4500</leader>
      <controlfield tag='008'>980731s1997    dcu     b    f000 0 eng d</controlfield>
      <controlfield tag='001'>39622480</controlfield>
      <controlfield tag='005'>19980731114805.0</controlfield>
      <datafield ind1=' ' ind2=' ' tag='035'>
        <subfield code='a'>(GPO)97098089</subfield>
      </datafield>
      <datafield ind1=' ' ind2=' ' tag='040'>
        <subfield code='a'>GPO</subfield>
        <subfield code='c'>GPO</subfield>
        <subfield code='d'>DLC</subfield>
        <subfield code='d'>MvI</subfield>
      </datafield>
      <datafield ind1=' ' ind2=' ' tag='074'>
        <subfield code='a'>0322-A (MF)</subfield>
      </datafield>
      <datafield ind1='0' ind2=' ' tag='086'>
        <subfield code='a'>D 101.16:4940-97-CL-E 39</subfield>
      </datafield>
      <datafield ind1='0' ind2='0' tag='245'>
        <subfield code='a'>Sets, kits and outfits components list</subfield>
        <subfield code='h'>[microform] :</subfield>
        <subfield code='b'>tool set, amphibious lighter, LARC V, organizational maintenance, (national stock no. 4940-00-786-1749) (line item no. W31223).</subfield>
      </datafield>
      <datafield ind1='3' ind2='0' tag='246'>
        <subfield code='a'>Tool set, amphibious lighter, LARC V, organizational maintenance, (national stock no. 4940-00-786-1749) (line item no. W31223)</subfield>
      </datafield>
      <datafield ind1=' ' ind2=' ' tag='260'>
        <subfield code='a'>[Washington, D.C.] :</subfield>
        <subfield code='b'>Headquarters, Dept. of the Army,</subfield>
        <subfield code='c'>[1997]</subfield>
      </datafield>
      <datafield ind1=' ' ind2=' ' tag='300'>
        <subfield code='a'>1 v.</subfield>
      </datafield>
      <datafield ind1=' ' ind2=' ' tag='500'>
        <subfield code='a'>&quot;Supersedes SC 4940-97-CL-A39, 12 February 1973, including all changes&quot;--P. i.</subfield>
      </datafield>
      <datafield ind1=' ' ind2=' ' tag='500'>
        <subfield code='a'>Shipping list no.: 98-0162-M.</subfield>
      </datafield>
      <datafield ind1=' ' ind2=' ' tag='500'>
        <subfield code='a'>&quot;September 1974.&quot;</subfield>
      </datafield>
      <datafield ind1=' ' ind2=' ' tag='533'>
        <subfield code='a'>Microfiche.</subfield>
        <subfield code='b'>[Washington, D.C.?] :</subfield>
        <subfield code='c'>Supt. of Docs., U.S. G.P.O.,</subfield>
        <subfield code='d'>[1997]</subfield>
        <subfield code='e'>1 microfiche.</subfield>
      </datafield>
      <datafield ind1='1' ind2='0' tag='610'>
        <subfield code='a'>United States.</subfield>
        <subfield code='b'>Army</subfield>
        <subfield code='x'>Equipment</subfield>
        <subfield code='v'>Catalogs.</subfield>
      </datafield>
      <datafield ind1='1' ind2=' ' tag='710'>
        <subfield code='a'>United States.</subfield>
        <subfield code='b'>Department of the Army.</subfield>
      </datafield>
      <datafield ind1='1' ind2=' ' tag='810'>
        <subfield code='a'>United States.</subfield>
        <subfield code='b'>Department of the Army.</subfield>
        <subfield code='t'>Department of the Army supply catalog ;</subfield>
        <subfield code='v'>SC 4940-97-CL-E 39.</subfield>
      </datafield>
      <datafield ind1=' ' ind2=' ' tag='907'>
        <subfield code='a'>b3442684</subfield>
      </datafield>
      <datafield ind1='9' ind2='1' tag='999'>
        <subfield code='i'>i4868249</subfield>
        <subfield code='l'>dcpf</subfield>
        <subfield code='s'>-</subfield>
        <subfield code='t'>20</subfield>
        <subfield code='c'>1</subfield>
        <subfield code='o'>0</subfield>
        <subfield code='b'>HAZL-7395-00001</subfield>
        <subfield code='p'>086</subfield>
        <subfield code='q'>|aD 101.16:4940-97-CL-E 39</subfield>
      </datafield>
  </record>