
  <record>
    <leader>00000cam  2200133Ia 4500</leader>
      <controlfield tag='008'>880712s1987    ru c         000 0 |rusdc</controlfield>
      <controlfield tag='001'>17340381</controlfield>
      <controlfield tag='005'>19880712000000.0</controlfield>
      <datafield ind1=' ' ind2=' ' tag='010'>
        <subfield code='a'>86192377</subfield>
      </datafield>
      <datafield ind1=' ' ind2=' ' tag='040'>
        <subfield code='a'>AZU</subfield>
        <subfield code='c'>AZU</subfield>
        <subfield code='d'>NOC</subfield>
      </datafield>
      <datafield ind1='1' ind2=' ' tag='100'>
        <subfield code='a'>Druzhinin, Pavel,</subfield>
        <subfield code='d'>1890-1965.</subfield>
      </datafield>
      <datafield ind1='1' ind2='0' tag='245'>
        <subfield code='a'>Stikhotvoreni︠i︡a /</subfield>
        <subfield code='c'>Pavel Druzhinin.</subfield>
      </datafield>
      <datafield ind1=' ' ind2=' ' tag='260'>
        <subfield code='a'>Moskva :</subfield>
        <subfield code='b'>&quot;Sovetska︠i︡a Rossi︠i︡a&quot;,</subfield>
        <subfield code='c'>1987.</subfield>
      </datafield>
      <datafield ind1=' ' ind2=' ' tag='300'>
        <subfield code='a'>189 p. :</subfield>
        <subfield code='b'>port. ;</subfield>
        <subfield code='c'>18 cm.</subfield>
      </datafield>
      <datafield ind1=' ' ind2=' ' tag='907'>
        <subfield code='a'>b2227782</subfield>
      </datafield>
      <datafield ind1='9' ind2='1' tag='999'>
        <subfield code='i'>i3208168</subfield>
        <subfield code='l'>trln</subfield>
        <subfield code='s'>-</subfield>
        <subfield code='t'>0</subfield>
        <subfield code='c'>1</subfield>
        <subfield code='o'>0</subfield>
        <subfield code='b'>00006300335</subfield>
        <subfield code='p'>090</subfield>
        <subfield code='q'>|aPG3476.D76 A6 1987</subfield>
      </datafield>
  </record>