
  <record>
    <leader>00000cam a2200229Li 4500</leader>
      <controlfield tag='007'>hgraob---bzcu</controlfield>
      <controlfield tag='008'>820726s1802    nyu     c     000 1 eng d</controlfield>
      <controlfield tag='001'>15447884</controlfield>
      <controlfield tag='005'>19960618134403.0</controlfield>
      <datafield ind1=' ' ind2=' ' tag='040'>
        <subfield code='a'>STF</subfield>
        <subfield code='c'>STF</subfield>
      </datafield>
      <datafield ind1='1' ind2=' ' tag='100'>
        <subfield code='a'>Rowson,</subfield>
        <subfield code='c'>Mrs.,</subfield>
        <subfield code='d'>1762-1824.</subfield>
      </datafield>
      <datafield ind1='1' ind2='0' tag='245'>
        <subfield code='a'>Charlotte Temple</subfield>
        <subfield code='h'>[microform] :</subfield>
        <subfield code='b'>a tale of truth /</subfield>
        <subfield code='c'>by Mrs. Rowson.</subfield>
      </datafield>
      <datafield ind1=' ' ind2=' ' tag='260'>
        <subfield code='a'>New York :</subfield>
        <subfield code='b'>Printed for Hugh M. Griffith,</subfield>
        <subfield code='c'>[1802?]</subfield>
      </datafield>
      <datafield ind1=' ' ind2=' ' tag='300'>
        <subfield code='a'>2 v. in 1 (186 p.)</subfield>
      </datafield>
      <datafield ind1='4' ind2=' ' tag='510'>
        <subfield code='a'>Shaw &amp; Shoemaker,</subfield>
        <subfield code='c'>3023.</subfield>
      </datafield>
      <datafield ind1=' ' ind2=' ' tag='533'>
        <subfield code='a'>Microopaque.</subfield>
        <subfield code='b'>Worcester, Mass. :</subfield>
        <subfield code='c'>American Antiquarian Society,</subfield>
        <subfield code='d'>1965.</subfield>
        <subfield code='e'>2 microopaques ; 23 x 15 cm.</subfield>
        <subfield code='f'>(Early American imprints.  Second series ; no. 3023)</subfield>
      </datafield>
      <datafield ind1=' ' ind2=' ' tag='539'>
        <subfield code='a'>s</subfield>
        <subfield code='b'>1965</subfield>
        <subfield code='d'>nyu</subfield>
        <subfield code='e'>n</subfield>
      </datafield>
      <datafield ind1=' ' ind2=' ' tag='752'>
        <subfield code='a'>United States</subfield>
        <subfield code='b'>New York</subfield>
        <subfield code='d'>New York.</subfield>
      </datafield>
      <datafield ind1=' ' ind2='0' tag='830'>
        <subfield code='a'>Early American imprints.</subfield>
        <subfield code='n'>Second series ;</subfield>
        <subfield code='v'>no. 3023.</subfield>
      </datafield>
      <datafield ind1=' ' ind2=' ' tag='907'>
        <subfield code='a'>b2891583</subfield>
      </datafield>
      <datafield ind1='9' ind2='1' tag='999'>
        <subfield code='i'>i4129709</subfield>
        <subfield code='l'>dgdaf</subfield>
        <subfield code='s'>-</subfield>
        <subfield code='t'>26</subfield>
        <subfield code='c'>1</subfield>
        <subfield code='o'>0</subfield>
        <subfield code='b'>HATJ-4577-00001</subfield>
        <subfield code='p'>099</subfield>
        <subfield code='q'>|a1-3 no. 3023.</subfield>
      </datafield>
  </record>