
  <record>
    <leader>00000cam a2200301Li 4500</leader>
      <controlfield tag='007'>hgraob---bzcu</controlfield>
      <controlfield tag='008'>850708s1806    nyu     c     000 0 eng d</controlfield>
      <controlfield tag='001'>15452071</controlfield>
      <controlfield tag='005'>19960618131817.0</controlfield>
      <datafield ind1=' ' ind2=' ' tag='040'>
        <subfield code='a'>STF</subfield>
        <subfield code='c'>STF</subfield>
      </datafield>
      <datafield ind1=' ' ind2=' ' tag='043'>
        <subfield code='a'>n-us---</subfield>
      </datafield>
      <datafield ind1='1' ind2=' ' tag='100'>
        <subfield code='a'>Fessenden, Thomas Green,</subfield>
        <subfield code='d'>1771-1837.</subfield>
      </datafield>
      <datafield ind1='1' ind2='0' tag='245'>
        <subfield code='a'>Democracy unveiled, or, Tyranny stripped of the garb of patriotism</subfield>
        <subfield code='h'>[microform] /</subfield>
        <subfield code='c'>by Christopher Caustic.</subfield>
      </datafield>
      <datafield ind1=' ' ind2=' ' tag='250'>
        <subfield code='a'>3rd ed, with large additions.</subfield>
      </datafield>
      <datafield ind1=' ' ind2=' ' tag='260'>
        <subfield code='a'>New York :</subfield>
        <subfield code='b'>Printed for I. Riley &amp; Co.,</subfield>
        <subfield code='c'>1806.</subfield>
      </datafield>
      <datafield ind1=' ' ind2=' ' tag='300'>
        <subfield code='a'>2 v. (xxiv, 179; 238 p.)</subfield>
      </datafield>
      <datafield ind1=' ' ind2=' ' tag='500'>
        <subfield code='a'>Poem, with the author&apos;s footnotes.</subfield>
      </datafield>
      <datafield ind1='4' ind2=' ' tag='510'>
        <subfield code='a'>Shaw &amp; Shoemaker,</subfield>
        <subfield code='c'>50676.</subfield>
      </datafield>
      <datafield ind1=' ' ind2=' ' tag='533'>
        <subfield code='a'>Microopaque.</subfield>
        <subfield code='b'>New York, N.Y. :</subfield>
        <subfield code='c'>Readex Microprint, courtesy of American Antiquarian Society,</subfield>
        <subfield code='d'>1983.</subfield>
        <subfield code='e'>5 microopaques ; 23 x 15 cm.</subfield>
        <subfield code='f'>(Early American imprints. Second series ; no. 50676).</subfield>
      </datafield>
      <datafield ind1=' ' ind2=' ' tag='539'>
        <subfield code='a'>s</subfield>
        <subfield code='b'>1983</subfield>
        <subfield code='d'>nyu</subfield>
        <subfield code='e'>n</subfield>
      </datafield>
      <datafield ind1='1' ind2='0' tag='600'>
        <subfield code='a'>Jefferson, Thomas,</subfield>
        <subfield code='d'>1743-1826.</subfield>
      </datafield>
      <datafield ind1=' ' ind2='0' tag='651'>
        <subfield code='a'>United States</subfield>
        <subfield code='x'>Politics and government</subfield>
        <subfield code='y'>1789-1809.</subfield>
      </datafield>
      <datafield ind1='0' ind2=' ' tag='740'>
        <subfield code='a'>Tyranny stripped of the garb of patriotism.</subfield>
      </datafield>
      <datafield ind1=' ' ind2=' ' tag='752'>
        <subfield code='a'>United States</subfield>
        <subfield code='b'>New York</subfield>
        <subfield code='d'>New York.</subfield>
      </datafield>
      <datafield ind1=' ' ind2='0' tag='830'>
        <subfield code='a'>Early American imprints.</subfield>
        <subfield code='n'>Second series ;</subfield>
        <subfield code='v'>no. 50676.</subfield>
      </datafield>
      <datafield ind1=' ' ind2=' ' tag='907'>
        <subfield code='a'>b2868220</subfield>
      </datafield>
      <datafield ind1='9' ind2='1' tag='999'>
        <subfield code='i'>i4106314</subfield>
        <subfield code='l'>dgdaf</subfield>
        <subfield code='s'>-</subfield>
        <subfield code='t'>26</subfield>
        <subfield code='c'>1</subfield>
        <subfield code='o'>0</subfield>
        <subfield code='b'>HATE-7759-00001</subfield>
        <subfield code='p'>099</subfield>
        <subfield code='q'>|a1-3 no. 50676.</subfield>
      </datafield>
  </record>