
  <record>
    <leader>00000cam a2200253Ia 4500</leader>
      <controlfield tag='008'>031210s1988    cl      rb    000 0 spa d</controlfield>
      <controlfield tag='001'>53884694</controlfield>
      <controlfield tag='005'>20031210163428.0</controlfield>
      <datafield ind1=' ' ind2=' ' tag='040'>
        <subfield code='a'>NOC</subfield>
        <subfield code='c'>NOC</subfield>
      </datafield>
      <datafield ind1='1' ind2=' ' tag='100'>
        <subfield code='a'>Coddou, Marcelo.</subfield>
      </datafield>
      <datafield ind1='1' ind2='0' tag='245'>
        <subfield code='a'>Para leer a Isabel Allende :</subfield>
        <subfield code='b'>introduccion a La casa de los espíritus /</subfield>
        <subfield code='c'>Marcelo Coddou.</subfield>
      </datafield>
      <datafield ind1=' ' ind2=' ' tag='260'>
        <subfield code='a'>Concepción, Chile :</subfield>
        <subfield code='b'>Ediciones Literatura Americana Reunida,</subfield>
        <subfield code='c'>1988.</subfield>
      </datafield>
      <datafield ind1=' ' ind2=' ' tag='300'>
        <subfield code='a'>233 p. ;</subfield>
        <subfield code='c'>19 cm.</subfield>
      </datafield>
      <datafield ind1=' ' ind2=' ' tag='504'>
        <subfield code='a'>Includes bibliographical references (p. 231-233).</subfield>
      </datafield>
      <datafield ind1=' ' ind2=' ' tag='533'>
        <subfield code='a'>Photocopy.</subfield>
        <subfield code='b'>[Chapel Hill :</subfield>
        <subfield code='c'>Library Photographic Services, University of North Carolina at Chapel Hill,</subfield>
        <subfield code='d'>2003].</subfield>
        <subfield code='e'>233 p. ; 19 cm.</subfield>
        <subfield code='n'>Photocopy replacement of original on archival bond.</subfield>
        <subfield code='7'>s2003    ncun r</subfield>
      </datafield>
      <datafield ind1='1' ind2='0' tag='600'>
        <subfield code='a'>Allende, Isabel.</subfield>
        <subfield code='t'>Casa de los espíritus.</subfield>
      </datafield>
      <datafield ind1=' ' ind2='0' tag='830'>
        <subfield code='a'>Colección Estudios, tésis y monografías.</subfield>
      </datafield>
      <datafield ind1=' ' ind2=' ' tag='907'>
        <subfield code='a'>b4391973</subfield>
      </datafield>
      <datafield ind1='9' ind2='1' tag='999'>
        <subfield code='i'>i5988046</subfield>
        <subfield code='l'>trln</subfield>
        <subfield code='s'>-</subfield>
        <subfield code='t'>0</subfield>
        <subfield code='c'>1</subfield>
        <subfield code='o'>13</subfield>
        <subfield code='b'>00022897279</subfield>
        <subfield code='p'>090</subfield>
        <subfield code='q'>|aPQ8098.1.L54 C333 1988a</subfield>
      </datafield>
  </record>