
  <record>
    <leader>00000cam a2200277Ia 4500</leader>
      <controlfield tag='008'>731023s1970    cau      b    000 0 eng d</controlfield>
      <controlfield tag='001'>721678</controlfield>
      <controlfield tag='003'>OCoLC</controlfield>
      <controlfield tag='005'>20120413125714.0</controlfield>
      <datafield ind1=' ' ind2=' ' tag='035'>
        <subfield code='a'>(OCoLC)721678</subfield>
      </datafield>
      <datafield ind1=' ' ind2=' ' tag='040'>
        <subfield code='a'>BBH</subfield>
        <subfield code='c'>BBH</subfield>
        <subfield code='d'>OCLCQ</subfield>
        <subfield code='d'>UPM</subfield>
        <subfield code='d'>NOC</subfield>
      </datafield>
      <datafield ind1=' ' ind2=' ' tag='049'>
        <subfield code='a'>NOCC</subfield>
      </datafield>
      <datafield ind1='1' ind2='4' tag='050'>
        <subfield code='a'>AS36</subfield>
        <subfield code='b'>.R28 no. 4409</subfield>
      </datafield>
      <datafield ind1='1' ind2=' ' tag='100'>
        <subfield code='a'>Morrison, Peter A.</subfield>
      </datafield>
      <datafield ind1='1' ind2='0' tag='245'>
        <subfield code='a'>Movers and stayers :</subfield>
        <subfield code='b'>an analysis based on two longitudinal data files /</subfield>
        <subfield code='c'>[by] Peter A. Morrison.</subfield>
      </datafield>
      <datafield ind1=' ' ind2=' ' tag='260'>
        <subfield code='a'>[Santa Monica, Calif :</subfield>
        <subfield code='b'>Rand,]</subfield>
        <subfield code='c'>1970.</subfield>
      </datafield>
      <datafield ind1=' ' ind2=' ' tag='300'>
        <subfield code='a'>iii, 28 p. ;</subfield>
        <subfield code='c'>28 cm.</subfield>
      </datafield>
      <datafield ind1=' ' ind2=' ' tag='500'>
        <subfield code='a'>Cover title.</subfield>
      </datafield>
      <datafield ind1=' ' ind2=' ' tag='504'>
        <subfield code='a'>Bibliographical footnotes.</subfield>
      </datafield>
      <datafield ind1=' ' ind2='0' tag='650'>
        <subfield code='a'>Residential mobility</subfield>
        <subfield code='x'>Mathematical models.</subfield>
      </datafield>
      <datafield ind1=' ' ind2='0' tag='830'>
        <subfield code='a'>P (Rand Corporation) ;</subfield>
        <subfield code='v'>P-4409.</subfield>
      </datafield>
      <datafield ind1=' ' ind2=' ' tag='907'>
        <subfield code='a'>b7081388</subfield>
      </datafield>
      <datafield ind1='9' ind2='1' tag='999'>
        <subfield code='i'>i9536412</subfield>
        <subfield code='l'>trln</subfield>
        <subfield code='s'>-</subfield>
        <subfield code='t'>0</subfield>
        <subfield code='c'>1</subfield>
        <subfield code='o'>1</subfield>
        <subfield code='b'>00041395953</subfield>
        <subfield code='p'>090</subfield>
        <subfield code='q'>|aAS36|b.R28 [P-4291-P-4474]</subfield>
        <subfield code='v'>[P-4291-P-4474]</subfield>
      </datafield>
  </record>