
  <record>
    <leader>00000cam a22003497  4500</leader>
      <controlfield tag='006'>m        d</controlfield>
      <controlfield tag='008'>070904s2007    mau||||fs|||| 000 0 eng d</controlfield>
      <controlfield tag='007'>cr un</controlfield>
      <controlfield tag='001'>NBERw13087</controlfield>
      <controlfield tag='003'>NBER</controlfield>
      <controlfield tag='005'>20070904033622.0</controlfield>
      <datafield ind1='1' ind2=' ' tag='100'>
        <subfield code='a'>Soares, Rodrigo Reis.</subfield>
      </datafield>
      <datafield ind1='1' ind2='0' tag='245'>
        <subfield code='a'>Health and the Evolution of Welfare across Brazilian Municipalities</subfield>
        <subfield code='h'>[electronic resource] /</subfield>
        <subfield code='c'>Rodrigo R. Soares.</subfield>
      </datafield>
      <datafield ind1=' ' ind2=' ' tag='260'>
        <subfield code='a'>Cambridge, Mass. :</subfield>
        <subfield code='b'>National Bureau of Economic Research,</subfield>
        <subfield code='c'>2007.</subfield>
      </datafield>
      <datafield ind1=' ' ind2=' ' tag='500'>
        <subfield code='a'>May 2007.</subfield>
      </datafield>
      <datafield ind1='1' ind2=' ' tag='506'>
        <subfield code='a'>Access limited to UNC Chapel Hill-authenticated users.</subfield>
        <subfield code='f'>Unlimited simultaneous users</subfield>
      </datafield>
      <datafield ind1=' ' ind2=' ' tag='520'>
        <subfield code='a'>This paper describes the pattern of reductions in mortality across Brazilian municipalities between 1970 and 2000, and analyzes its causes and consequences. It shows that, as in the international context, the relationship between income and life expectancy has shifted consistently in the recent past. But reductions in mortality within Brazil have been more homogeneously distributed than across countries. We use a compensating differentials approach to estimate the value of the observed reductions in mortality. The results suggest that gains in life expectancy had a welfare value equivalent to 39% of the growth in income per capita, being therefore responsible for 28% of the overall improvement in welfare. We then use a dynamic panel to conduct a preliminary assessment of the potential determinants of these gains. We show that improvements in education, access to water, and sanitation seem to be important determinants of the dimension of changes in life expectancy not correlated with income.</subfield>
      </datafield>
      <datafield ind1=' ' ind2=' ' tag='538'>
        <subfield code='a'>System requirements: Adobe [Acrobat] Reader required for PDF files.</subfield>
      </datafield>
      <datafield ind1=' ' ind2=' ' tag='538'>
        <subfield code='a'>Mode of access: World Wide Web.</subfield>
      </datafield>
      <datafield ind1='2' ind2=' ' tag='710'>
        <subfield code='a'>National Bureau of Economic Research.</subfield>
      </datafield>
      <datafield ind1='0' ind2=' ' tag='773'>
        <subfield code='t'>National Bureau of Economic Research (NBER) working papers (online collection)</subfield>
      </datafield>
      <datafield ind1=' ' ind2='0' tag='830'>
        <subfield code='a'>Working paper series (National Bureau of Economic Research : Online) ;</subfield>
        <subfield code='v'>working paper no. 13087.</subfield>
      </datafield>
      <datafield ind1='4' ind2='0' tag='856'>
        <subfield code='u'>http://libproxy.lib.unc.edu/login?url=http://www.nber.org/papers/w13087</subfield>
        <subfield code='y'>Full text available via the UNC-Chapel Hill Libraries</subfield>
        <subfield code='x'>NBER electronic working paper</subfield>
      </datafield>
      <datafield ind1=' ' ind2=' ' tag='919'>
        <subfield code='a'>590 touched / wkg</subfield>
      </datafield>
      <datafield ind1=' ' ind2=' ' tag='907'>
        <subfield code='a'>b5264912</subfield>
      </datafield>
  </record>