
  <record>
    <leader>00000nes  2200385Ia 4500</leader>
      <controlfield tag='006'>sgr p      f0    0</controlfield>
      <controlfield tag='008'>020403c20029999mduac  cc c  f  0   eng d</controlfield>
      <controlfield tag='007'>aj canzn</controlfield>
      <controlfield tag='001'>49514830</controlfield>
      <controlfield tag='003'>OCoLC</controlfield>
      <controlfield tag='005'>20050321164256.0</controlfield>
      <datafield ind1='1' ind2=' ' tag='034'>
        <subfield code='a'>a</subfield>
        <subfield code='b'>1000000</subfield>
        <subfield code='d'>W0850000</subfield>
        <subfield code='e'>W0730000</subfield>
        <subfield code='f'>N0240000</subfield>
        <subfield code='g'>N0160000</subfield>
      </datafield>
      <datafield ind1=' ' ind2=' ' tag='037'>
        <subfield code='b'>FAA, National Aertonautical charting Office Distribution Division, AVN-530, Greenbelt, MD 20770</subfield>
      </datafield>
      <datafield ind1=' ' ind2=' ' tag='040'>
        <subfield code='a'>BGU</subfield>
        <subfield code='c'>BGU</subfield>
        <subfield code='d'>SPI</subfield>
        <subfield code='d'>OCLCQ</subfield>
        <subfield code='d'>GPO</subfield>
        <subfield code='d'>MvI</subfield>
      </datafield>
      <datafield ind1=' ' ind2=' ' tag='043'>
        <subfield code='a'>nwjm---</subfield>
        <subfield code='a'>nwcu---</subfield>
      </datafield>
      <datafield ind1=' ' ind2=' ' tag='052'>
        <subfield code='a'>4961</subfield>
      </datafield>
      <datafield ind1=' ' ind2=' ' tag='052'>
        <subfield code='a'>4921</subfield>
      </datafield>
      <datafield ind1='0' ind2=' ' tag='086'>
        <subfield code='a'>TD 4.79/14:CJ-26/(DATE)</subfield>
      </datafield>
      <datafield ind1='1' ind2=' ' tag='110'>
        <subfield code='a'>United States.</subfield>
        <subfield code='b'>National Aeronautical Charting Office.</subfield>
      </datafield>
      <datafield ind1='1' ind2='0' tag='245'>
        <subfield code='a'>World aeronautical chart.</subfield>
        <subfield code='n'>CJ-26.</subfield>
      </datafield>
      <datafield ind1=' ' ind2=' ' tag='255'>
        <subfield code='a'>Scale 1:1,000,000 ;</subfield>
        <subfield code='b'>Lambert conformal conic proj., standard parallels 17⁰20ʹ and 22⁰40ʹ</subfield>
        <subfield code='c'>(W 85⁰--W 73⁰/N 24⁰--N 16⁰).</subfield>
      </datafield>
      <datafield ind1=' ' ind2=' ' tag='260'>
        <subfield code='a'>[Silver Spring, MD] :</subfield>
        <subfield code='b'>U.S. Dept. of Transportation, FAA, National Aeronautical Charting Office,</subfield>
        <subfield code='c'>2002.</subfield>
      </datafield>
      <datafield ind1=' ' ind2=' ' tag='300'>
        <subfield code='a'>maps :</subfield>
        <subfield code='b'>both sides, col. ;</subfield>
        <subfield code='c'>92 x 130 cm., sheets 53 x 150 cm., folded to 27 x 13 cm.</subfield>
      </datafield>
      <datafield ind1=' ' ind2=' ' tag='310'>
        <subfield code='a'>Biennial</subfield>
      </datafield>
      <datafield ind1='0' ind2=' ' tag='362'>
        <subfield code='a'>15th ed., Feb. 21, 2002-</subfield>
      </datafield>
      <datafield ind1=' ' ind2=' ' tag='500'>
        <subfield code='a'>Relief shown by contours, gradient tints, and spot heights.</subfield>
      </datafield>
      <datafield ind1=' ' ind2=' ' tag='500'>
        <subfield code='a'>Title from panel.</subfield>
      </datafield>
      <datafield ind1=' ' ind2=' ' tag='500'>
        <subfield code='a'>Includes location map and gradient tints diagram.</subfield>
      </datafield>
      <datafield ind1=' ' ind2=' ' tag='515'>
        <subfield code='a'>Vols. for &lt;Feb. 21, 2002- &gt; have topographic data corrected to &lt;Aug. 2001- &gt; and include airspace amendments effective &lt;Aug. 9, 2001- &gt; and all other aeronautical data received by &lt;Aug. 9, 2001- &gt;; chart becomes obsolete for use in navigation upon publication of next ed.</subfield>
      </datafield>
      <datafield ind1=' ' ind2=' ' tag='580'>
        <subfield code='a'>Vols. for &lt;2002- &gt; consult appropriate NOTAMs and flight information publications for supplemental data and current information.</subfield>
      </datafield>
      <datafield ind1=' ' ind2='0' tag='650'>
        <subfield code='a'>Aeronautical charts</subfield>
        <subfield code='z'>Jamaica</subfield>
        <subfield code='v'>Periodicals.</subfield>
      </datafield>
      <datafield ind1=' ' ind2='0' tag='650'>
        <subfield code='a'>Aeronautical charts</subfield>
        <subfield code='z'>Cuba</subfield>
        <subfield code='v'>Periodicals.</subfield>
      </datafield>
      <datafield ind1='0' ind2='0' tag='780'>
        <subfield code='a'>United States. National Ocean Service.</subfield>
        <subfield code='t'>World aeronautical chart, CJ-26</subfield>
        <subfield code='w'>(OCoLC)27864389</subfield>
      </datafield>
      <datafield ind1=' ' ind2=' ' tag='907'>
        <subfield code='a'>b4827955</subfield>
      </datafield>
      <datafield ind1='9' ind2='1' tag='999'>
        <subfield code='i'>i6357721</subfield>
        <subfield code='l'>dcpf</subfield>
        <subfield code='s'>-</subfield>
        <subfield code='t'>20</subfield>
        <subfield code='c'>1</subfield>
        <subfield code='o'>0</subfield>
        <subfield code='p'>086</subfield>
        <subfield code='q'>TD 4.79/14:CJ-26/(DATE)</subfield>
        <subfield code='n'>Non-depository; ask at Davis RefDesk.</subfield>
      </datafield>
      <datafield ind1='9' ind2='2' tag='999'>
        <subfield code='a'>c4661354</subfield>
        <subfield code='b'>dcpf</subfield>
        <subfield code='c'>0</subfield>
      </datafield>
      <datafield ind1='9' ind2='3' tag='999'>
        <subfield code='0'>c4661354</subfield>
        <subfield code='2'>852</subfield>
        <subfield code='3'>c</subfield>
        <subfield code='h'>TD 4.79/14:CJ-26/(DATE)</subfield>
      </datafield>
  </record>