
  <record>
    <leader>00000cam a2200529Ii 4500</leader>
      <controlfield tag='006'>m     o  d</controlfield>
      <controlfield tag='007'>cr cn |||||||a</controlfield>
      <controlfield tag='008'>140801t20152015fluad   ob    001 0 eng d</controlfield>
      <controlfield tag='001'>TFDDACRCCAH0KE21204PDF</controlfield>
      <controlfield tag='003'>FlBoTFG</controlfield>
      <controlfield tag='005'>20140801114850.0</controlfield>
      <datafield ind1=' ' ind2=' ' tag='020'>
        <subfield code='a'>9781466568334</subfield>
        <subfield code='q'>e-book : PDF</subfield>
      </datafield>
      <datafield ind1=' ' ind2=' ' tag='020'>
        <subfield code='z'>9781466568327</subfield>
        <subfield code='q'>hardback</subfield>
      </datafield>
      <datafield ind1=' ' ind2=' ' tag='035'>
        <subfield code='a'>(OCoLC)887871523</subfield>
      </datafield>
      <datafield ind1=' ' ind2=' ' tag='040'>
        <subfield code='a'>FlBoTFG</subfield>
        <subfield code='b'>eng</subfield>
        <subfield code='e'>rda</subfield>
        <subfield code='c'>FlBoTFG</subfield>
      </datafield>
      <datafield ind1=' ' ind2=' ' tag='043'>
        <subfield code='a'>e------</subfield>
      </datafield>
      <datafield ind1='1' ind2=' ' tag='100'>
        <subfield code='a'>Longford, Nicholas T.,</subfield>
        <subfield code='d'>1955-</subfield>
        <subfield code='e'>author.</subfield>
      </datafield>
      <datafield ind1='1' ind2='0' tag='245'>
        <subfield code='a'>Statistical studies of income, poverty and inequality in Europe :</subfield>
        <subfield code='b'>computing and graphics in R using EU-SILC /</subfield>
        <subfield code='c'>Nicholas T. Longford.</subfield>
      </datafield>
      <datafield ind1=' ' ind2='1' tag='264'>
        <subfield code='a'>Boca Raton :</subfield>
        <subfield code='b'>Chapman and Hall/CRC,</subfield>
        <subfield code='c'>[2015]</subfield>
      </datafield>
      <datafield ind1=' ' ind2='4' tag='264'>
        <subfield code='c'>©2015</subfield>
      </datafield>
      <datafield ind1=' ' ind2=' ' tag='300'>
        <subfield code='a'>1 online resource :</subfield>
        <subfield code='b'>text file</subfield>
      </datafield>
      <datafield ind1=' ' ind2=' ' tag='336'>
        <subfield code='a'>text</subfield>
        <subfield code='b'>txt</subfield>
        <subfield code='2'>rdacontent</subfield>
      </datafield>
      <datafield ind1=' ' ind2=' ' tag='337'>
        <subfield code='a'>computer</subfield>
        <subfield code='b'>c</subfield>
        <subfield code='2'>rdamedia</subfield>
      </datafield>
      <datafield ind1=' ' ind2=' ' tag='338'>
        <subfield code='a'>online resource</subfield>
        <subfield code='b'>cr</subfield>
        <subfield code='2'>rdacarrier</subfield>
      </datafield>
      <datafield ind1=' ' ind2=' ' tag='500'>
        <subfield code='a'>&quot;A Chapman &amp; Hall book.&quot;</subfield>
      </datafield>
      <datafield ind1=' ' ind2=' ' tag='504'>
        <subfield code='a'>Includes bibliographical references and indexes.</subfield>
      </datafield>
      <datafield ind1='0' ind2=' ' tag='505'>
        <subfield code='a'>1. Poverty rate -- 2. Statistical background -- 3. Poverty indices -- 4. Mixtures of distributions -- 5. Regions -- 6. Transitions -- 7. Multivariate mixtures -- 8. Social transfers -- 9. Causes and effects. Education and income.</subfield>
      </datafield>
      <datafield ind1='1' ind2=' ' tag='506'>
        <subfield code='a'>Access limited to UNC Chapel Hill-authenticated users.</subfield>
        <subfield code='f'>Unlimited simultaneous users</subfield>
      </datafield>
      <datafield ind1=' ' ind2=' ' tag='520'>
        <subfield code='a'>&quot;Preface A majority of the population in the established members of the European Union (EU) has over the last few decades enjoyed prosperity, comfort and freedom from existential threats, such as food shortage, various forms of destruction of our lifes, homes and other possessions, judicial excesses or barred access to vital services, such as health care, education, insurance and transportation. New technologies, epitomised by the internet and the mobile phone, but also micro-surgery and cheap long-distance travel, have transformed the ways we access information, communicate with one another, obtain health care, education, training and entertainment, and how public services and administration operate. Our economies and societies have a great capacity to invent, apply inventions and package them in forms amenable for personal use by the masses. These great achievements have not been matched in one important area, namely, tackling poverty. Poverty is about as widespread in our societies as it was a few decades ago when, admittedly, our standards for what amounts to prosperity were somewhat more modest (Atkinson, 1998). Yet, there is no shortage of incentives to reduce poverty in our societies. The purely economic ones are that the poor are poor consumers, and much of our prosperity is derived from the consumption by others; the poor are poor contributors to the public funds (by taxes on income, property and consumption), which pay for some of the vital services and developments. More profound concerns are that the poor are a threat to the social cohesion, are more likely to be attracted to criminal and other illegal activities, and represent a threat to all those who are not poor, because we would not like ourselves and those dear to us to live in such circumstances&quot;--</subfield>
        <subfield code='c'>Provided by publisher.</subfield>
      </datafield>
      <datafield ind1=' ' ind2=' ' tag='520'>
        <subfield code='a'>&quot;There is no shortage of incentives to study and reduce poverty in our societies. Poverty is studied in economics and political sciences, and population surveys are an important source of information about it. The design and analysis of such surveys is principally a statistical subject matter and the computer is essential for their data compilation and processing.Focusing on The European Union Statistics on Income and Living Conditions (EU-SILC), a program of annual national surveys which collect data related to poverty and social exclusion, Statistical Studies of Income, Poverty and Inequality in Europe: Computing and Graphics in R presents a set of statistical analyses pertinent to the general goals of EU-SILC. The contents of the volume are biased toward computing and statistics, with reduced attention to economics, political and other social sciences. The emphasis is on methods and procedures as opposed to results, because the data from annual surveys made available since publication and in the near future will degrade the novelty of the data used and the results derived in this volume.The aim of this volume is not to propose specific methods of analysis, but to open up the analytical agenda and address the aspects of the key definitions in the subject of poverty assessment that entail nontrivial elements of arbitrariness. The presented methods do not exhaust the range of analyses suitable for EU-SILC, but will stimulate the search for new methods and adaptation of established methods that cater to the identified purposes&quot;--</subfield>
        <subfield code='c'>Provided by publisher.</subfield>
      </datafield>
      <datafield ind1=' ' ind2='0' tag='650'>
        <subfield code='a'>Equality</subfield>
        <subfield code='z'>Europe.</subfield>
      </datafield>
      <datafield ind1=' ' ind2='0' tag='650'>
        <subfield code='a'>Income distribution</subfield>
        <subfield code='z'>Europe.</subfield>
      </datafield>
      <datafield ind1=' ' ind2='0' tag='650'>
        <subfield code='a'>Poverty</subfield>
        <subfield code='z'>Europe.</subfield>
      </datafield>
      <datafield ind1=' ' ind2='0' tag='650'>
        <subfield code='a'>Social sciences</subfield>
        <subfield code='x'>Research</subfield>
        <subfield code='x'>Mathematical models.</subfield>
      </datafield>
      <datafield ind1='0' ind2=' ' tag='773'>
        <subfield code='t'>Taylor &amp; Francis e-books (online collection). Evidence-based DDA. CRC. Discovery</subfield>
      </datafield>
      <datafield ind1='0' ind2='8' tag='776'>
        <subfield code='i'>Print version:</subfield>
        <subfield code='z'>9781466568327 (hardback)</subfield>
      </datafield>
      <datafield ind1=' ' ind2='0' tag='830'>
        <subfield code='a'>Statistics in the social and behavioral sciences series.</subfield>
      </datafield>
      <datafield ind1='4' ind2='0' tag='856'>
        <subfield code='u'>http://libproxy.lib.unc.edu/login?url=http://marc.crcnetbase.com/isbn/9781466568334</subfield>
        <subfield code='y'>Full text available via the UNC-Chapel Hill Libraries</subfield>
      </datafield>
      <datafield ind1=' ' ind2='1' tag='907'>
        <subfield code='a'>b8609218</subfield>
      </datafield>
  </record>