
  <record>
    <leader>00000cam  2200301Ia 4500</leader>
      <controlfield tag='008'>960823s1995    it       b    100 0 ita d</controlfield>
      <controlfield tag='001'>35294492</controlfield>
      <controlfield tag='005'>19981209152206.0</controlfield>
      <datafield ind1=' ' ind2=' ' tag='020'>
        <subfield code='a'>8830805793</subfield>
      </datafield>
      <datafield ind1=' ' ind2=' ' tag='040'>
        <subfield code='a'>WAU</subfield>
        <subfield code='c'>WAU</subfield>
        <subfield code='d'>C3L</subfield>
        <subfield code='d'>NOC</subfield>
      </datafield>
      <datafield ind1=' ' ind2=' ' tag='043'>
        <subfield code='a'>e-it---</subfield>
      </datafield>
      <datafield ind1=' ' ind2=' ' tag='045'>
        <subfield code='a'>x0x4</subfield>
        <subfield code='a'>x4x-</subfield>
      </datafield>
      <datafield ind1='0' ind2='0' tag='245'>
        <subfield code='a'>Primo Levi :</subfield>
        <subfield code='b'>la dignità dell&apos;uomo /</subfield>
        <subfield code='c'>C. Levi Coen ... [et al.] ; a cura di Rosa Brambilla e Giuseppe Cacciatore.</subfield>
      </datafield>
      <datafield ind1=' ' ind2=' ' tag='260'>
        <subfield code='a'>Assisi :</subfield>
        <subfield code='b'>Cittadella Editrice,</subfield>
        <subfield code='c'>c1995.</subfield>
      </datafield>
      <datafield ind1=' ' ind2=' ' tag='300'>
        <subfield code='a'>237 p. ;</subfield>
        <subfield code='c'>19 cm.</subfield>
      </datafield>
      <datafield ind1=' ' ind2=' ' tag='500'>
        <subfield code='a'>&quot;Atti del Seminario di Studio, 20-23 novembre 1994, Biblioteca della Pro Civitate Christiana, Assisi&quot;--T.p. verso.</subfield>
      </datafield>
      <datafield ind1=' ' ind2=' ' tag='504'>
        <subfield code='a'>Includes bibliographical references (p. 230-231).</subfield>
      </datafield>
      <datafield ind1='1' ind2='0' tag='600'>
        <subfield code='a'>Levi, Primo</subfield>
        <subfield code='x'>Knowledge</subfield>
        <subfield code='x'>Dignity</subfield>
        <subfield code='v'>Congresses.</subfield>
      </datafield>
      <datafield ind1=' ' ind2='0' tag='650'>
        <subfield code='a'>Italian literature</subfield>
        <subfield code='y'>20th century</subfield>
        <subfield code='x'>History and criticism</subfield>
        <subfield code='v'>Congresses.</subfield>
      </datafield>
      <datafield ind1=' ' ind2='0' tag='650'>
        <subfield code='a'>Dignity in literature</subfield>
        <subfield code='v'>Congresses.</subfield>
      </datafield>
      <datafield ind1='1' ind2=' ' tag='700'>
        <subfield code='a'>Levi Coen, C.</subfield>
        <subfield code='q'>(Clara)</subfield>
      </datafield>
      <datafield ind1='1' ind2=' ' tag='700'>
        <subfield code='a'>Brambilla, Rosa.</subfield>
      </datafield>
      <datafield ind1='1' ind2=' ' tag='700'>
        <subfield code='a'>Cacciatore, Giuseppe,</subfield>
        <subfield code='d'>1945-</subfield>
      </datafield>
      <datafield ind1='2' ind2=' ' tag='711'>
        <subfield code='a'>Seminario di studio</subfield>
        <subfield code='d'>(1994 :</subfield>
        <subfield code='c'>Biblioteca della Pro Civitate Christiana)</subfield>
      </datafield>
      <datafield ind1=' ' ind2='0' tag='830'>
        <subfield code='a'>Cittadella incontri.</subfield>
      </datafield>
      <datafield ind1=' ' ind2=' ' tag='907'>
        <subfield code='a'>b3186067</subfield>
      </datafield>
      <datafield ind1='9' ind2='1' tag='999'>
        <subfield code='i'>i4525313</subfield>
        <subfield code='l'>ddda</subfield>
        <subfield code='s'>-</subfield>
        <subfield code='t'>0</subfield>
        <subfield code='c'>1</subfield>
        <subfield code='o'>1</subfield>
        <subfield code='b'>00016091300</subfield>
        <subfield code='p'>090</subfield>
        <subfield code='q'>|aPQ4872.E8 Z823 1995</subfield>
      </datafield>
  </record>