
  <record>
    <leader>00000cam a2200517Ii 4500</leader>
      <controlfield tag='008'>140812s2014    cc af         000 0 chi d</controlfield>
      <controlfield tag='001'>887685168</controlfield>
      <datafield ind1=' ' ind2=' ' tag='020'>
        <subfield code='a'>9787513010559 :</subfield>
        <subfield code='c'>RMBY60.00</subfield>
      </datafield>
      <datafield ind1=' ' ind2=' ' tag='020'>
        <subfield code='a'>7513010552 :</subfield>
        <subfield code='c'>RMBY60.00</subfield>
      </datafield>
      <datafield ind1=' ' ind2=' ' tag='035'>
        <subfield code='a'>(OCoLC)887685168</subfield>
      </datafield>
      <datafield ind1=' ' ind2=' ' tag='040'>
        <subfield code='a'>BCBTC</subfield>
        <subfield code='b'>eng</subfield>
        <subfield code='e'>rda</subfield>
        <subfield code='c'>BCBTC</subfield>
        <subfield code='d'>NOC</subfield>
      </datafield>
      <datafield ind1=' ' ind2=' ' tag='043'>
        <subfield code='a'>a-cc-hp</subfield>
      </datafield>
      <datafield ind1=' ' ind2=' ' tag='049'>
        <subfield code='a'>NOCC</subfield>
      </datafield>
      <datafield ind1=' ' ind2='4' tag='050'>
        <subfield code='a'>GR336.C446</subfield>
        <subfield code='b'>Z466 2014</subfield>
      </datafield>
      <datafield ind1=' ' ind2=' ' tag='066'>
        <subfield code='c'>$1</subfield>
      </datafield>
      <datafield ind1='0' ind2='0' tag='245'>
        <subfield code='6'>880-01</subfield>
        <subfield code='a'>Zhongguo min jian gu shi cong shu.</subfield>
        <subfield code='p'>Hebei Chengde.</subfield>
        <subfield code='p'>Chengde Xian juan /</subfield>
        <subfield code='c'>Zhongguo min jian wen yi jia xie hui zu zhi bian xie ; zong zhu bian Luo Yang ; ben juan zhu bian Liu Xiuli.</subfield>
      </datafield>
      <datafield ind1='3' ind2='0' tag='246'>
        <subfield code='6'>880-02</subfield>
        <subfield code='a'>Hebei Chengde.</subfield>
        <subfield code='p'>Chengde Xian juan</subfield>
      </datafield>
      <datafield ind1='1' ind2=' ' tag='246'>
        <subfield code='i'>Book jacket title also in English:</subfield>
        <subfield code='a'>Chinese folk tales series</subfield>
      </datafield>
      <datafield ind1=' ' ind2=' ' tag='250'>
        <subfield code='6'>880-03</subfield>
        <subfield code='a'>Di 1 ban.</subfield>
      </datafield>
      <datafield ind1=' ' ind2='1' tag='264'>
        <subfield code='6'>880-04</subfield>
        <subfield code='a'>Beijing Shi :</subfield>
        <subfield code='b'>Zhi shi chan quan chu ban she,</subfield>
        <subfield code='c'>2014.</subfield>
      </datafield>
      <datafield ind1=' ' ind2=' ' tag='300'>
        <subfield code='a'>8, 6, 355 pages, 12 pages of plates :</subfield>
        <subfield code='b'>color illustrations ;</subfield>
        <subfield code='c'>24 cm.</subfield>
      </datafield>
      <datafield ind1=' ' ind2=' ' tag='336'>
        <subfield code='a'>text</subfield>
        <subfield code='b'>txt</subfield>
        <subfield code='2'>rdacontent</subfield>
      </datafield>
      <datafield ind1=' ' ind2=' ' tag='337'>
        <subfield code='a'>unmediated</subfield>
        <subfield code='b'>n</subfield>
        <subfield code='2'>rdamedia</subfield>
      </datafield>
      <datafield ind1=' ' ind2=' ' tag='338'>
        <subfield code='a'>volume</subfield>
        <subfield code='b'>nc</subfield>
        <subfield code='2'>rdacarrier</subfield>
      </datafield>
      <datafield ind1=' ' ind2='0' tag='650'>
        <subfield code='a'>Tales</subfield>
        <subfield code='z'>China</subfield>
        <subfield code='z'>Chengde Xian.</subfield>
      </datafield>
      <datafield ind1=' ' ind2='0' tag='650'>
        <subfield code='a'>Legends</subfield>
        <subfield code='z'>China</subfield>
        <subfield code='z'>Chengde Xian.</subfield>
      </datafield>
      <datafield ind1=' ' ind2='0' tag='650'>
        <subfield code='a'>Folklore</subfield>
        <subfield code='z'>China</subfield>
        <subfield code='z'>Chengde Xian.</subfield>
      </datafield>
      <datafield ind1=' ' ind2='7' tag='655'>
        <subfield code='a'>Humor.</subfield>
        <subfield code='2'>lcgft</subfield>
      </datafield>
      <datafield ind1='1' ind2=' ' tag='700'>
        <subfield code='6'>880-06</subfield>
        <subfield code='a'>Liu, Xiuli,</subfield>
        <subfield code='e'>editor.</subfield>
      </datafield>
      <datafield ind1=' ' ind2='0' tag='830'>
        <subfield code='6'>880-07</subfield>
        <subfield code='a'>Zhongguo min jian wen hua yi chan qiang jiu gong cheng.</subfield>
      </datafield>
      <datafield ind1='0' ind2='0' tag='880'>
        <subfield code='6'>245-01/$1</subfield>
        <subfield code='a'>中国民间故事丛书.</subfield>
        <subfield code='p'>河北承德.</subfield>
        <subfield code='p'>承德县卷 /</subfield>
        <subfield code='c'>中国民间文艺家协会组织编写 ; 总主编罗杨 ; 本卷主编刘秀丽.</subfield>
      </datafield>
      <datafield ind1='3' ind2='0' tag='880'>
        <subfield code='6'>246-02/$1</subfield>
        <subfield code='a'>河北承德.</subfield>
        <subfield code='p'>承德县卷</subfield>
      </datafield>
      <datafield ind1=' ' ind2=' ' tag='880'>
        <subfield code='6'>250-03/$1</subfield>
        <subfield code='a'>第1版.</subfield>
      </datafield>
      <datafield ind1=' ' ind2='1' tag='880'>
        <subfield code='6'>264-04/$1</subfield>
        <subfield code='a'>北京市 :</subfield>
        <subfield code='b'>知识产权出版社,</subfield>
        <subfield code='c'>2014.</subfield>
      </datafield>
      <datafield ind1='1' ind2=' ' tag='880'>
        <subfield code='6'>490-05/$1</subfield>
        <subfield code='a'>中国民间文化遗产抢救工程 =</subfield>
        <subfield code='a'>The project to rescue Chinese folk cultural heritages</subfield>
      </datafield>
      <datafield ind1='1' ind2=' ' tag='880'>
        <subfield code='6'>700-06/$1</subfield>
        <subfield code='a'>刘秀丽,</subfield>
        <subfield code='e'>editor.</subfield>
      </datafield>
      <datafield ind1=' ' ind2='0' tag='880'>
        <subfield code='6'>830-07/$1</subfield>
        <subfield code='a'>中国民间文化遗产抢救工程.</subfield>
      </datafield>
      <datafield ind1=' ' ind2=' ' tag='907'>
        <subfield code='a'>b7978031</subfield>
      </datafield>
      <datafield ind1='9' ind2='1' tag='999'>
        <subfield code='i'>i10703976</subfield>
        <subfield code='l'>ddda</subfield>
        <subfield code='s'>-</subfield>
        <subfield code='t'>0</subfield>
        <subfield code='c'>1</subfield>
        <subfield code='o'>0</subfield>
        <subfield code='b'>00040486802</subfield>
        <subfield code='p'>050</subfield>
        <subfield code='q'>|aGR336.C446|bZ466 2014</subfield>
      </datafield>
  </record>