
  <record>
    <leader>00000cam  2200505Ia 4500</leader>
      <controlfield tag='008'>050224s2005    ne       b    001 0 eng d</controlfield>
      <controlfield tag='001'>57728815</controlfield>
      <controlfield tag='003'>OCoLC</controlfield>
      <controlfield tag='005'>20080116025646.0</controlfield>
      <datafield ind1=' ' ind2=' ' tag='015'>
        <subfield code='a'>GBA3Z3437</subfield>
        <subfield code='2'>bnb</subfield>
      </datafield>
      <datafield ind1='7' ind2=' ' tag='016'>
        <subfield code='a'>008386064</subfield>
        <subfield code='2'>Uk</subfield>
      </datafield>
      <datafield ind1=' ' ind2=' ' tag='019'>
        <subfield code='a'>58055127</subfield>
      </datafield>
      <datafield ind1=' ' ind2=' ' tag='020'>
        <subfield code='a'>0750675802</subfield>
      </datafield>
      <datafield ind1=' ' ind2=' ' tag='020'>
        <subfield code='a'>9780750675802</subfield>
      </datafield>
      <datafield ind1=' ' ind2=' ' tag='035'>
        <subfield code='a'>(OCoLC)57728815</subfield>
        <subfield code='z'>(OCoLC)58055127</subfield>
      </datafield>
      <datafield ind1=' ' ind2=' ' tag='040'>
        <subfield code='a'>BGU</subfield>
        <subfield code='c'>BGU</subfield>
        <subfield code='d'>UKM</subfield>
        <subfield code='d'>OCL</subfield>
        <subfield code='d'>OCLCQ</subfield>
        <subfield code='d'>BAKER</subfield>
        <subfield code='d'>NLGGC</subfield>
        <subfield code='d'>VRC</subfield>
        <subfield code='d'>YDXCP</subfield>
        <subfield code='d'>BTCTA</subfield>
        <subfield code='d'>CRH</subfield>
        <subfield code='d'>LVB</subfield>
        <subfield code='d'>NOC</subfield>
      </datafield>
      <datafield ind1=' ' ind2=' ' tag='049'>
        <subfield code='a'>NOCC</subfield>
      </datafield>
      <datafield ind1=' ' ind2='4' tag='050'>
        <subfield code='a'>HD30.4</subfield>
        <subfield code='b'>.A53 2005</subfield>
      </datafield>
      <datafield ind1='0' ind2='4' tag='082'>
        <subfield code='a'>658.4071245</subfield>
        <subfield code='2'>22</subfield>
      </datafield>
      <datafield ind1='1' ind2=' ' tag='100'>
        <subfield code='a'>Anderson, Dianna L.</subfield>
      </datafield>
      <datafield ind1='1' ind2='0' tag='245'>
        <subfield code='a'>Coaching that counts :</subfield>
        <subfield code='b'>harnessing the power of leadership coaching to deliver strategic value /</subfield>
        <subfield code='c'>Dianna L. Anderson, Merrill C. Anderson.</subfield>
      </datafield>
      <datafield ind1=' ' ind2=' ' tag='260'>
        <subfield code='a'>Amsterdam ;</subfield>
        <subfield code='a'>Boston :</subfield>
        <subfield code='b'>Elsevier/Butterworth-Heinemann,</subfield>
        <subfield code='c'>2005.</subfield>
      </datafield>
      <datafield ind1=' ' ind2=' ' tag='300'>
        <subfield code='a'>xvii, 285 p. ;</subfield>
        <subfield code='c'>23 cm.</subfield>
      </datafield>
      <datafield ind1=' ' ind2=' ' tag='504'>
        <subfield code='a'>Includes bibliographical references (p. 271-272) and index.</subfield>
      </datafield>
      <datafield ind1='0' ind2=' ' tag='505'>
        <subfield code='a'>1. Introduction to coaching that counts -- The coaching initiative : developing leaders and producing business impact -- Three lynchpins for coaching that counts -- How this book is organized --</subfield>
      </datafield>
      <datafield ind1='0' ind2=' ' tag='505'>
        <subfield code='a'>section 1. Leading with insight -- 2. Defining the space for coaching -- Characteristics of successful coaching engagements that deliver lasting change -- Transactional versus transformational coaching -- Insight : the essence of coaching -- Levels of insight -- The action/insight connection -- The leading with insight model -- Key concepts for the leading with insight model -- 3. Quadrant 1 : finding focus -- Case study : Jane gets her life back -- Answering the &quot;what do I need to do?&quot; question -- Making space for change -- Quadrant 1 touchstones -- The essential outcome of quadrant 1 : physical centeredness -- Coaching tools and approaches for quadrant 1 -- 4. Quadrant 2 : building bridges -- Case study : Jack creates powerful partnerships -- Creating relationships that work -- Answering the &quot;what am I made of?&quot; question -- Quadrant 2 touchstones -- The essential outcome of quadrant 2 : emotional centeredness -- Coaching tools and approaches for quadrant 2 -- 5. Quadrant 3 : creating alignment -- Case study : Mark takes a stand -- Aligning who you are with how you work -- Answering the &quot;who do I want to be?&quot; question -- Quadrant 3 touchstones -- The essential outcome of quadrant 3 : intuitive centeredness -- Coaching tools and approaches for quadrant 3 -- 6. Quadrant 4 : original action -- Case study : Clare leads the way -- Creating step change -- Answering the &quot;what do I want to create?&quot; question -- Quadrant 4 touchstones -- The essential outcome of quadrant 4 : personal power -- Coaching tools and approaches for quadrant 4 -- The leading with insight model --</subfield>
      </datafield>
      <datafield ind1='0' ind2=' ' tag='505'>
        <subfield code='a'>section 2. Managing coaching initiatives -- 7. Coaching as a strategic initiative -- The organization context for individual growth -- Criteria for coaching as a strategic initiative -- The cast of players, and their responsibilities -- Managing value creation -- 8. Creating context and purpose for coaching -- Choice and context for coaching -- Case study : launching coaching at PharmaQuest -- Critical success factors for setting the context for coaching -- Designing a coaching initiative for impact -- 9. Best practices for managing a successful coaching initiative -- Leverage a governance body to sustain sponsorship -- Conduct an orientation session to improve deployment -- Set up signposts to gauge how coaching is progressing -- Build performance evaluation into the coaching process -- 10. How coaches navigate turbulent organizations -- Being a coach, being a consultant -- What Sarah could have done differently -- Sorting out the cast of characters -- Develop a navigation strategy -- To be or not to be a consultant, and the role of coaching companies --</subfield>
      </datafield>
      <datafield ind1='0' ind2=' ' tag='505'>
        <subfield code='a'>section 3. Evaluating coaching success -- 11. Developing an evaluation strategy -- The five best practices of an effective evaluation strategy -- Developing an evaluation strategy at OptiCom -- The building blocks of evaluation strategies -- 12. Demonstrating the ROI of coaching -- The data collection and analysis plan -- ROI evaluation toolkit -- Evaluating coaching at OptiCom -- Building credibility for the ROI evaluation -- 13. Evaluating application-based coaching : what are leaders doing differently? -- Setting expectations for coaching at Frontier Manufacturing -- The four major decision areas for evaluating application -- Planning the evaluation at Frontier Manufacturing -- Evaluating the application of coaching at Frontier Manufacturing --</subfield>
      </datafield>
      <datafield ind1='0' ind2=' ' tag='505'>
        <subfield code='a'>Conclusion -- 14. The value nexus : organization value and individual values -- Finding 1 : the perceived effectiveness of coaching increased with the length of the coaching relationship -- Finding 2 : less than half of all coaching relationships evolved beyond quadrant 2 -- Finding 3 : the impact of coaching on the business increased as coaching relationships evolve -- Finding 4 : monetary benefits produced from coaching increased as coaching relationships evolved -- Finding 5 : seventy percent of the monetary value was associated with quadrants 3 and 4 -- Finding 6 : as coaching relationships progressed through the quadrants, the average monetary benefit produced by each client increased -- Four examples of monetary value : completing the case studies of section one -- Coaching that counts.</subfield>
      </datafield>
      <datafield ind1=' ' ind2='0' tag='650'>
        <subfield code='a'>Executive coaching.</subfield>
      </datafield>
      <datafield ind1=' ' ind2='0' tag='650'>
        <subfield code='a'>Executives</subfield>
        <subfield code='x'>Training of.</subfield>
      </datafield>
      <datafield ind1=' ' ind2='0' tag='650'>
        <subfield code='a'>Leadership.</subfield>
      </datafield>
      <datafield ind1=' ' ind2='0' tag='650'>
        <subfield code='a'>Industrial management.</subfield>
      </datafield>
      <datafield ind1='1' ind2='7' tag='650'>
        <subfield code='a'>Coaches.</subfield>
        <subfield code='2'>gtt</subfield>
      </datafield>
      <datafield ind1='1' ind2=' ' tag='700'>
        <subfield code='a'>Anderson, Merrill C.</subfield>
      </datafield>
      <datafield ind1=' ' ind2='0' tag='830'>
        <subfield code='a'>Improving human performance series.</subfield>
      </datafield>
      <datafield ind1=' ' ind2=' ' tag='907'>
        <subfield code='a'>b4654386</subfield>
      </datafield>
      <datafield ind1='9' ind2='1' tag='999'>
        <subfield code='i'>i7030975</subfield>
        <subfield code='l'>ddda</subfield>
        <subfield code='s'>-</subfield>
        <subfield code='t'>0</subfield>
        <subfield code='c'>1</subfield>
        <subfield code='o'>4</subfield>
        <subfield code='d'>20171215</subfield>
        <subfield code='b'>00030276683</subfield>
        <subfield code='p'>050</subfield>
        <subfield code='q'>|aHD30.4|b.A53 2005</subfield>
      </datafield>
  </record>