
  <record>
    <leader>00000cam  2200301Ma 4500</leader>
      <controlfield tag='008'>840127s1934    gw       bm   000 0 ger d</controlfield>
      <controlfield tag='001'>22315951</controlfield>
      <controlfield tag='003'>OCoLC</controlfield>
      <controlfield tag='005'>20061027030957.0</controlfield>
      <datafield ind1=' ' ind2=' ' tag='019'>
        <subfield code='a'>23640155</subfield>
      </datafield>
      <datafield ind1=' ' ind2=' ' tag='035'>
        <subfield code='a'>(OCoLC)22315951</subfield>
      </datafield>
      <datafield ind1=' ' ind2=' ' tag='040'>
        <subfield code='a'>PUL</subfield>
        <subfield code='c'>PUL</subfield>
        <subfield code='d'>EYM</subfield>
        <subfield code='d'>OCLCQ</subfield>
        <subfield code='d'>NOC</subfield>
      </datafield>
      <datafield ind1=' ' ind2=' ' tag='043'>
        <subfield code='a'>a-tu---</subfield>
      </datafield>
      <datafield ind1=' ' ind2=' ' tag='049'>
        <subfield code='a'>NOCC</subfield>
      </datafield>
      <datafield ind1='1' ind2=' ' tag='100'>
        <subfield code='a'>Dopp, Werner,</subfield>
        <subfield code='d'>1908-</subfield>
      </datafield>
      <datafield ind1='1' ind2='5' tag='245'>
        <subfield code='a'>Eine Attisdarstellung am Grossen Fries von Pergamon /</subfield>
        <subfield code='c'>vorgelegt von Werner Dopp.</subfield>
      </datafield>
      <datafield ind1=' ' ind2=' ' tag='260'>
        <subfield code='a'>Rostock :</subfield>
        <subfield code='b'>[s.n.],</subfield>
        <subfield code='c'>1934</subfield>
        <subfield code='e'>(Bethel bei Bielefeld :</subfield>
        <subfield code='f'>Druckerei der Anstalt Bethel)</subfield>
      </datafield>
      <datafield ind1=' ' ind2=' ' tag='300'>
        <subfield code='a'>32 p. ;</subfield>
        <subfield code='c'>23 cm.</subfield>
      </datafield>
      <datafield ind1=' ' ind2=' ' tag='502'>
        <subfield code='a'>Thesis (doctoral)--Universität Rostock, 1934.</subfield>
      </datafield>
      <datafield ind1=' ' ind2=' ' tag='504'>
        <subfield code='a'>Includes bibliographical references.</subfield>
      </datafield>
      <datafield ind1=' ' ind2='0' tag='650'>
        <subfield code='a'>Sculpture, Hellenistic</subfield>
        <subfield code='z'>Turkey</subfield>
        <subfield code='z'>Bergama.</subfield>
      </datafield>
      <datafield ind1=' ' ind2='0' tag='650'>
        <subfield code='a'>Pergamum Altar of Zeus (Sculpture)</subfield>
      </datafield>
      <datafield ind1=' ' ind2='0' tag='650'>
        <subfield code='a'>Sculpture, Pergamene.</subfield>
      </datafield>
      <datafield ind1=' ' ind2='0' tag='650'>
        <subfield code='a'>Attis (God)</subfield>
      </datafield>
      <datafield ind1='2' ind2=' ' tag='791'>
        <subfield code='a'>George L. Paddison Classics Fund.</subfield>
      </datafield>
      <datafield ind1=' ' ind2=' ' tag='907'>
        <subfield code='a'>b4659268</subfield>
      </datafield>
      <datafield ind1='9' ind2='1' tag='999'>
        <subfield code='i'>i6493079</subfield>
        <subfield code='l'>trln</subfield>
        <subfield code='s'>-</subfield>
        <subfield code='t'>0</subfield>
        <subfield code='c'>1</subfield>
        <subfield code='o'>2</subfield>
        <subfield code='b'>00026685347</subfield>
        <subfield code='p'>090</subfield>
        <subfield code='q'>|aNB91.P4|bD69 1934</subfield>
      </datafield>
  </record>