
  <record>
    <leader>00000cgm  2200397Ia 4500</leader>
      <controlfield tag='008'>870113r19861953nyu096 g          vleng d</controlfield>
      <controlfield tag='007'>vf-cbaho-</controlfield>
      <controlfield tag='001'>13519049</controlfield>
      <controlfield tag='005'>19910716151024.5</controlfield>
      <datafield ind1=' ' ind2=' ' tag='040'>
        <subfield code='a'>TMN</subfield>
        <subfield code='c'>TMN</subfield>
        <subfield code='d'>NOC</subfield>
      </datafield>
      <datafield ind1='0' ind2='0' tag='245'>
        <subfield code='a'>Dangerous when wet</subfield>
        <subfield code='h'>[videocassette] /</subfield>
        <subfield code='c'>Loew&apos;s, inc.</subfield>
      </datafield>
      <datafield ind1=' ' ind2=' ' tag='260'>
        <subfield code='a'>New York :</subfield>
        <subfield code='b'>MGM/UA Home Video,</subfield>
        <subfield code='c'>1986.</subfield>
      </datafield>
      <datafield ind1=' ' ind2=' ' tag='300'>
        <subfield code='a'>1 videocassette (96 min.) :</subfield>
        <subfield code='b'>sd., col. ;</subfield>
        <subfield code='c'>1/2 in.</subfield>
      </datafield>
      <datafield ind1=' ' ind2=' ' tag='500'>
        <subfield code='a'>Originally produced or released in 1953.</subfield>
      </datafield>
      <datafield ind1=' ' ind2=' ' tag='500'>
        <subfield code='a'>Run time: approx. 96 min.</subfield>
      </datafield>
      <datafield ind1=' ' ind2=' ' tag='500'>
        <subfield code='a'>VHS format.</subfield>
      </datafield>
      <datafield ind1=' ' ind2=' ' tag='500'>
        <subfield code='a'>&quot;MV300863.&quot;</subfield>
      </datafield>
      <datafield ind1=' ' ind2=' ' tag='508'>
        <subfield code='a'>Writer, Dorothy Kingsley ; music, Arthur Schwartz ; lyrics, Johnny Mercer ; director, Charles Walters ; producer, George Wells.</subfield>
      </datafield>
      <datafield ind1='1' ind2=' ' tag='511'>
        <subfield code='a'>Esther Williams, Fernando Lamas, Jack Carson.</subfield>
      </datafield>
      <datafield ind1=' ' ind2=' ' tag='520'>
        <subfield code='a'>A farm girl travels with her family to England to take part in a competition swimming the English Channel. Before she can get too wet, she finds romance with a dashing Frenchman.</subfield>
      </datafield>
      <datafield ind1=' ' ind2='7' tag='655'>
        <subfield code='a'>American Movies.</subfield>
        <subfield code='2'>local</subfield>
      </datafield>
      <datafield ind1=' ' ind2='7' tag='655'>
        <subfield code='a'>Comedy &amp; Satire.</subfield>
        <subfield code='2'>local</subfield>
      </datafield>
      <datafield ind1=' ' ind2='7' tag='655'>
        <subfield code='a'>Musicals.</subfield>
        <subfield code='2'>local</subfield>
      </datafield>
      <datafield ind1=' ' ind2='7' tag='655'>
        <subfield code='a'>Romantic Drama.</subfield>
        <subfield code='2'>local</subfield>
      </datafield>
      <datafield ind1=' ' ind2=' ' tag='691'>
        <subfield code='a'>USA.</subfield>
      </datafield>
      <datafield ind1='1' ind2=' ' tag='700'>
        <subfield code='a'>Walters, Charles,</subfield>
        <subfield code='d'>1911-1982.</subfield>
        <subfield code='4'>drt</subfield>
      </datafield>
      <datafield ind1='2' ind2=' ' tag='710'>
        <subfield code='a'>Loew&apos;s Incorporated.</subfield>
      </datafield>
      <datafield ind1=' ' ind2=' ' tag='907'>
        <subfield code='a'>b2112358</subfield>
      </datafield>
      <datafield ind1='9' ind2='1' tag='999'>
        <subfield code='i'>i3052179</subfield>
        <subfield code='l'>uldaz</subfield>
        <subfield code='s'>-</subfield>
        <subfield code='t'>57</subfield>
        <subfield code='c'>1</subfield>
        <subfield code='o'>18</subfield>
        <subfield code='b'>00006451804</subfield>
        <subfield code='p'>099</subfield>
        <subfield code='q'>|a65-V1049</subfield>
      </datafield>
  </record>