
  <record>
    <leader>00000cam  2200493 a 4500</leader>
      <controlfield tag='008'>120113r20121930ksu      b    001 0deng  </controlfield>
      <controlfield tag='001'>760979104</controlfield>
      <controlfield tag='003'>OCoLC</controlfield>
      <controlfield tag='005'>20120511153135.3</controlfield>
      <datafield ind1=' ' ind2=' ' tag='010'>
        <subfield code='a'>2012000697</subfield>
      </datafield>
      <datafield ind1=' ' ind2=' ' tag='020'>
        <subfield code='a'>9780700618422</subfield>
      </datafield>
      <datafield ind1=' ' ind2=' ' tag='020'>
        <subfield code='a'>0700618422</subfield>
      </datafield>
      <datafield ind1=' ' ind2=' ' tag='035'>
        <subfield code='a'>(OCoLC)760979104</subfield>
      </datafield>
      <datafield ind1=' ' ind2=' ' tag='040'>
        <subfield code='a'>DLC</subfield>
        <subfield code='b'>eng</subfield>
        <subfield code='c'>DLC</subfield>
        <subfield code='d'>BTCTA</subfield>
        <subfield code='d'>BDX</subfield>
        <subfield code='d'>YDXCP</subfield>
        <subfield code='d'>ZQP</subfield>
        <subfield code='d'>CLE</subfield>
      </datafield>
      <datafield ind1=' ' ind2=' ' tag='042'>
        <subfield code='a'>pcc</subfield>
      </datafield>
      <datafield ind1=' ' ind2=' ' tag='043'>
        <subfield code='a'>n-us---</subfield>
        <subfield code='a'>e-fr---</subfield>
      </datafield>
      <datafield ind1='0' ind2='0' tag='050'>
        <subfield code='a'>D570.9</subfield>
        <subfield code='b'>.B28 2012</subfield>
      </datafield>
      <datafield ind1='0' ind2='0' tag='082'>
        <subfield code='a'>940.4/1273092</subfield>
        <subfield code='a'>B</subfield>
        <subfield code='2'>23</subfield>
      </datafield>
      <datafield ind1='1' ind2=' ' tag='100'>
        <subfield code='a'>Barkley, John Lewis.</subfield>
      </datafield>
      <datafield ind1='1' ind2='0' tag='240'>
        <subfield code='a'>No hard feelings!</subfield>
      </datafield>
      <datafield ind1='1' ind2='0' tag='245'>
        <subfield code='a'>Scarlet fields :</subfield>
        <subfield code='b'>the combat memoir of a World War I Medal of Honor hero /</subfield>
        <subfield code='c'>John Lewis Barkley ; introduction and notes by Steven Trout ; afterword by Joan Barkley Wells.</subfield>
      </datafield>
      <datafield ind1=' ' ind2=' ' tag='260'>
        <subfield code='a'>Lawrence, Kan. :</subfield>
        <subfield code='b'>Published by the University Press of Kansas in association with the National World War I Museum at Liberty Memorial,</subfield>
        <subfield code='c'>c2012.</subfield>
      </datafield>
      <datafield ind1=' ' ind2=' ' tag='300'>
        <subfield code='a'>vi, 268 p. :</subfield>
        <subfield code='b'>ill. ;</subfield>
        <subfield code='c'>23 cm.</subfield>
      </datafield>
      <datafield ind1=' ' ind2=' ' tag='500'>
        <subfield code='a'>Originally published: New York : Cosmopolitan Book Corp., 1930, with title No hard feelings!</subfield>
      </datafield>
      <datafield ind1=' ' ind2=' ' tag='504'>
        <subfield code='a'>Includes bibliographical references (p. [257]-268) and index.</subfield>
      </datafield>
      <datafield ind1='0' ind2=' ' tag='505'>
        <subfield code='a'>Training in Kansas -- Heading to France -- Over There -- Château-Thierry -- Our Gang -- Night Raid -- Rock of the Marne -- Counterattack -- Relief -- Rest -- Saint-Mihiel and the Argonne -- Killers -- No Hard Feelings! -- Valor Above and Beyond -- Scarlet Fields -- The Quality of Mercy -- Far Gone -- Armistice -- Into Germany -- British Trouble -- Fraternization -- Paris and Home -- Afterword.</subfield>
      </datafield>
      <datafield ind1='1' ind2='0' tag='600'>
        <subfield code='a'>Barkley, John Lewis.</subfield>
      </datafield>
      <datafield ind1='1' ind2='0' tag='610'>
        <subfield code='a'>United States.</subfield>
        <subfield code='b'>Army.</subfield>
        <subfield code='b'>Division, 3rd</subfield>
        <subfield code='v'>Biography.</subfield>
      </datafield>
      <datafield ind1=' ' ind2='0' tag='650'>
        <subfield code='a'>World War, 1914-1918</subfield>
        <subfield code='v'>Personal narratives, American.</subfield>
      </datafield>
      <datafield ind1=' ' ind2='0' tag='650'>
        <subfield code='a'>Soldiers</subfield>
        <subfield code='z'>United States</subfield>
        <subfield code='v'>Biography.</subfield>
      </datafield>
      <datafield ind1=' ' ind2='0' tag='650'>
        <subfield code='a'>Medal of Honor</subfield>
        <subfield code='v'>Biography.</subfield>
      </datafield>
      <datafield ind1=' ' ind2='0' tag='650'>
        <subfield code='a'>World War, 1914-1918</subfield>
        <subfield code='x'>Regimental histories</subfield>
        <subfield code='z'>United States.</subfield>
      </datafield>
      <datafield ind1=' ' ind2='0' tag='650'>
        <subfield code='a'>World War, 1914-1918</subfield>
        <subfield code='x'>Campaigns</subfield>
        <subfield code='z'>France.</subfield>
      </datafield>
      <datafield ind1='1' ind2=' ' tag='700'>
        <subfield code='a'>Trout, Steven,</subfield>
        <subfield code='d'>1963-</subfield>
      </datafield>
      <datafield ind1='2' ind2=' ' tag='710'>
        <subfield code='a'>National World War I Museum at Liberty Memorial.</subfield>
      </datafield>
      <datafield ind1='2' ind2=' ' tag='791'>
        <subfield code='a'>Margaret E. Kimbel Library Fund.</subfield>
      </datafield>
      <datafield ind1=' ' ind2='0' tag='830'>
        <subfield code='a'>Modern war studies.</subfield>
      </datafield>
      <datafield ind1=' ' ind2=' ' tag='907'>
        <subfield code='a'>b7139208</subfield>
      </datafield>
      <datafield ind1='9' ind2='1' tag='999'>
        <subfield code='i'>i9657121</subfield>
        <subfield code='l'>ddda</subfield>
        <subfield code='s'>-</subfield>
        <subfield code='t'>0</subfield>
        <subfield code='c'>1</subfield>
        <subfield code='o'>2</subfield>
        <subfield code='b'>00044380990</subfield>
        <subfield code='p'>050</subfield>
        <subfield code='q'>|aD570.9|b.B28 2012</subfield>
      </datafield>
  </record>