
  <record>
    <leader>00000das a2200397 a 4500</leader>
      <controlfield tag='006'>m        d</controlfield>
      <controlfield tag='007'>cr  n</controlfield>
      <controlfield tag='008'>090828c200u9999nyuar   s     0    0eng c</controlfield>
      <controlfield tag='001'>ssj0000816487</controlfield>
      <controlfield tag='003'>WaSeSS</controlfield>
      <controlfield tag='005'>20151207180501.0</controlfield>
      <datafield ind1=' ' ind2=' ' tag='010'>
        <subfield code='a'>2009266841</subfield>
      </datafield>
      <datafield ind1=' ' ind2=' ' tag='035'>
        <subfield code='z'>434536669</subfield>
      </datafield>
      <datafield ind1=' ' ind2=' ' tag='040'>
        <subfield code='a'>CSdNU</subfield>
        <subfield code='b'>eng</subfield>
        <subfield code='c'>CSdNU</subfield>
        <subfield code='d'>OCoLC</subfield>
        <subfield code='d'>WaSeSS</subfield>
      </datafield>
      <datafield ind1=' ' ind2=' ' tag='042'>
        <subfield code='a'>pcc</subfield>
      </datafield>
      <datafield ind1=' ' ind2=' ' tag='043'>
        <subfield code='a'>e-it---</subfield>
      </datafield>
      <datafield ind1='0' ind2=' ' tag='130'>
        <subfield code='a'>Used cars in Italy (Online)</subfield>
      </datafield>
      <datafield ind1='1' ind2='0' tag='245'>
        <subfield code='a'>Used cars in Italy</subfield>
        <subfield code='h'>[electronic resource] /</subfield>
        <subfield code='c'>Datamonitor.</subfield>
      </datafield>
      <datafield ind1='1' ind2=' ' tag='246'>
        <subfield code='i'>Title in Business Source Premier:</subfield>
        <subfield code='a'>Used cars industry profile: Italy</subfield>
      </datafield>
      <datafield ind1='1' ind2='7' tag='246'>
        <subfield code='a'>Italy--used cars</subfield>
      </datafield>
      <datafield ind1=' ' ind2=' ' tag='260'>
        <subfield code='a'>New York, NY :</subfield>
        <subfield code='b'>Datamonitor</subfield>
      </datafield>
      <datafield ind1=' ' ind2=' ' tag='310'>
        <subfield code='a'>Annual</subfield>
      </datafield>
      <datafield ind1=' ' ind2=' ' tag='500'>
        <subfield code='a'>&quot;Reference code: 0171-0750.&quot;</subfield>
      </datafield>
      <datafield ind1=' ' ind2=' ' tag='538'>
        <subfield code='a'>Mode of access: World Wide Web.</subfield>
      </datafield>
      <datafield ind1=' ' ind2=' ' tag='588'>
        <subfield code='a'>Description based on: Oct. 2005; title from PDF (Business Source Premier, viewed Aug. 4, 2009).</subfield>
      </datafield>
      <datafield ind1=' ' ind2=' ' tag='588'>
        <subfield code='a'>Latest issue consulted: (Dec. 2008).</subfield>
      </datafield>
      <datafield ind1=' ' ind2='0' tag='650'>
        <subfield code='a'>Used cars</subfield>
        <subfield code='z'>Italy</subfield>
        <subfield code='v'>Periodicals.</subfield>
      </datafield>
      <datafield ind1=' ' ind2='0' tag='650'>
        <subfield code='a'>Automobile industry and trade</subfield>
        <subfield code='z'>Italy</subfield>
        <subfield code='v'>Periodicals.</subfield>
      </datafield>
      <datafield ind1=' ' ind2='0' tag='650'>
        <subfield code='a'>Market surveys</subfield>
        <subfield code='z'>Italy.</subfield>
      </datafield>
      <datafield ind1=' ' ind2='0' tag='655'>
        <subfield code='a'>Electronic journals.</subfield>
      </datafield>
      <datafield ind1='2' ind2=' ' tag='710'>
        <subfield code='a'>Datamonitor (Firm)</subfield>
      </datafield>
      <datafield ind1='2' ind2=' ' tag='710'>
        <subfield code='a'>EBSCO Publishing (Firm)</subfield>
      </datafield>
      <datafield ind1='0' ind2='8' tag='776'>
        <subfield code='i'>Print version:</subfield>
        <subfield code='t'>Used cars in Italy</subfield>
      </datafield>
      <datafield ind1=' ' ind2='0' tag='830'>
        <subfield code='a'>Industry profile (Datamonitor (Firm))</subfield>
      </datafield>
      <datafield ind1='4' ind2='0' tag='856'>
        <subfield code='y'>Full text available via the UNC-Chapel Hill Libraries</subfield>
        <subfield code='u'>http://VB3LK7EB4T.search.serialssolutions.com/?V=1.0&amp;L=VB3LK7EB4T&amp;S=JCs&amp;C=TC0000816487&amp;T=marc</subfield>
        <subfield code='x'>Business Source Premier</subfield>
      </datafield>
      <datafield ind1=' ' ind2='2' tag='907'>
        <subfield code='a'>b8243446</subfield>
      </datafield>
  </record>