
  <record>
    <leader>00000cam  2200145 a 4500</leader>
      <controlfield tag='008'>900313s1985    un c     b    000 0 ruso </controlfield>
      <controlfield tag='001'>18963164</controlfield>
      <controlfield tag='005'>19900313000000.0</controlfield>
      <datafield ind1=' ' ind2=' ' tag='010'>
        <subfield code='a'>87122478</subfield>
      </datafield>
      <datafield ind1=' ' ind2=' ' tag='040'>
        <subfield code='a'>DLC</subfield>
        <subfield code='c'>DLC</subfield>
        <subfield code='d'>NOC</subfield>
      </datafield>
      <datafield ind1='1' ind2=' ' tag='100'>
        <subfield code='a'>Mikhalevich, Aleksandr Vladimirovich.</subfield>
      </datafield>
      <datafield ind1='1' ind2='0' tag='245'>
        <subfield code='a'>Tri zhazhdy :</subfield>
        <subfield code='b'>publi︠t︡sisticheskie statʹi, ocherki /</subfield>
        <subfield code='c'>Aleksandr Mikhalevich.</subfield>
      </datafield>
      <datafield ind1=' ' ind2=' ' tag='260'>
        <subfield code='a'>Kiev :</subfield>
        <subfield code='b'>Izd-vo khudozh. lit-ry &quot;Dnipro&quot;,</subfield>
        <subfield code='c'>1985.</subfield>
      </datafield>
      <datafield ind1=' ' ind2=' ' tag='300'>
        <subfield code='a'>295 p. :</subfield>
        <subfield code='b'>port. ;</subfield>
        <subfield code='c'>21 cm.</subfield>
      </datafield>
      <datafield ind1=' ' ind2=' ' tag='504'>
        <subfield code='a'>Includes bibliographical references.</subfield>
      </datafield>
      <datafield ind1=' ' ind2=' ' tag='907'>
        <subfield code='a'>b2281545</subfield>
      </datafield>
      <datafield ind1='9' ind2='1' tag='999'>
        <subfield code='i'>i3283887</subfield>
        <subfield code='l'>trln</subfield>
        <subfield code='s'>-</subfield>
        <subfield code='t'>0</subfield>
        <subfield code='c'>1</subfield>
        <subfield code='o'>0</subfield>
        <subfield code='b'>00006210398</subfield>
        <subfield code='p'>090</subfield>
        <subfield code='q'>|aPG3476.M497 T75 1985</subfield>
      </datafield>
  </record>