
  <record>
    <leader>00000cam  2200253Ii 4500</leader>
      <controlfield tag='008'>880328s1962    mdua          101 0 engm </controlfield>
      <controlfield tag='001'>2699126</controlfield>
      <controlfield tag='005'>19880328000000.0</controlfield>
      <datafield ind1=' ' ind2=' ' tag='010'>
        <subfield code='a'>62017879</subfield>
      </datafield>
      <datafield ind1=' ' ind2=' ' tag='040'>
        <subfield code='a'>DLC</subfield>
        <subfield code='c'>OKO</subfield>
        <subfield code='d'>m.c.</subfield>
        <subfield code='d'>m/c</subfield>
      </datafield>
      <datafield ind1='0' ind2=' ' tag='050'>
        <subfield code='a'>RK21.S9</subfield>
        <subfield code='b'>1961</subfield>
      </datafield>
      <datafield ind1=' ' ind2=' ' tag='082'>
        <subfield code='a'>617.6</subfield>
      </datafield>
      <datafield ind1='2' ind2=' ' tag='111'>
        <subfield code='a'>Symposium on Genetics Related to Dental Health</subfield>
        <subfield code='d'>(1961 :</subfield>
        <subfield code='c'>National Institutes of Health)</subfield>
      </datafield>
      <datafield ind1='1' ind2='0' tag='245'>
        <subfield code='a'>Genetics and dental health :</subfield>
        <subfield code='b'>proceedings of an international symposium held at the National Institutes of Health, Bethesda, Maryland, April 4-6, 1961.</subfield>
        <subfield code='c'>Sponsored by the Council on Dental Research, American Dental Association. / Edited by Carl J. Witkop, Jr.</subfield>
      </datafield>
      <datafield ind1=' ' ind2=' ' tag='260'>
        <subfield code='a'>New York :</subfield>
        <subfield code='b'>Blakiston Division, McGraw-Hill,</subfield>
        <subfield code='c'>1962.</subfield>
      </datafield>
      <datafield ind1=' ' ind2=' ' tag='300'>
        <subfield code='a'>x, 300 p. :</subfield>
        <subfield code='b'>ill., diagrs., tables. ;</subfield>
        <subfield code='c'>24 cm.</subfield>
      </datafield>
      <datafield ind1=' ' ind2=' ' tag='504'>
        <subfield code='a'>Includes bibliographies and index.</subfield>
      </datafield>
      <datafield ind1=' ' ind2='0' tag='650'>
        <subfield code='a'>Dentistry</subfield>
        <subfield code='v'>Congresses.</subfield>
      </datafield>
      <datafield ind1=' ' ind2='2' tag='650'>
        <subfield code='a'>Dentistry.</subfield>
      </datafield>
      <datafield ind1=' ' ind2='2' tag='650'>
        <subfield code='a'>Genetics.</subfield>
      </datafield>
      <datafield ind1=' ' ind2='0' tag='650'>
        <subfield code='a'>Genetics</subfield>
        <subfield code='v'>Congresses.</subfield>
      </datafield>
      <datafield ind1='1' ind2=' ' tag='700'>
        <subfield code='a'>Witkop, Carl J.</subfield>
      </datafield>
      <datafield ind1='2' ind2=' ' tag='710'>
        <subfield code='a'>National Institutes of Health (U.S.)</subfield>
      </datafield>
      <datafield ind1='2' ind2=' ' tag='710'>
        <subfield code='a'>Council on Dental Research (U.S.)</subfield>
      </datafield>
      <datafield ind1=' ' ind2=' ' tag='907'>
        <subfield code='a'>b1424510</subfield>
      </datafield>
      <datafield ind1='9' ind2='1' tag='999'>
        <subfield code='i'>i1978538</subfield>
        <subfield code='l'>trln</subfield>
        <subfield code='s'>-</subfield>
        <subfield code='t'>0</subfield>
        <subfield code='c'>1</subfield>
        <subfield code='o'>0</subfield>
        <subfield code='b'>00005992474</subfield>
        <subfield code='p'>090</subfield>
        <subfield code='q'>|aRK21 .S9 1961</subfield>
      </datafield>
  </record>