
  <record>
    <leader>00000nam  2200409 a 4500</leader>
      <controlfield tag='006'>m    |o  d |</controlfield>
      <controlfield tag='008'>110302s1994    enk    fo     001 0 eng|d</controlfield>
      <controlfield tag='007'>cr |n|||||||||</controlfield>
      <controlfield tag='001'>EDZ0000021470</controlfield>
      <controlfield tag='003'>StDuBDS</controlfield>
      <controlfield tag='005'>20110311130331.0</controlfield>
      <datafield ind1=' ' ind2=' ' tag='020'>
        <subfield code='a'>0191679372 (ebook)</subfield>
      </datafield>
      <datafield ind1=' ' ind2=' ' tag='020'>
        <subfield code='z'>9780198236818 (print)</subfield>
      </datafield>
      <datafield ind1=' ' ind2=' ' tag='040'>
        <subfield code='a'>StDuBDS</subfield>
        <subfield code='c'>StDuBDS</subfield>
      </datafield>
      <datafield ind1=' ' ind2='4' tag='050'>
        <subfield code='a'>PN45</subfield>
      </datafield>
      <datafield ind1='0' ind2='4' tag='082'>
        <subfield code='a'>808.3</subfield>
        <subfield code='2'>22</subfield>
      </datafield>
      <datafield ind1='1' ind2=' ' tag='100'>
        <subfield code='a'>Lamarque, Peter.</subfield>
      </datafield>
      <datafield ind1='1' ind2='0' tag='245'>
        <subfield code='a'>Truth, fiction, and literature</subfield>
        <subfield code='h'>[electronic resource] :</subfield>
        <subfield code='b'>a philosophical perspective /</subfield>
        <subfield code='c'>Peter Lamarque and Stein Haugom Olsen.</subfield>
      </datafield>
      <datafield ind1=' ' ind2=' ' tag='260'>
        <subfield code='a'>Oxford :</subfield>
        <subfield code='b'>Clarendon,</subfield>
        <subfield code='c'>1994.</subfield>
      </datafield>
      <datafield ind1=' ' ind2=' ' tag='300'>
        <subfield code='a'>1 online resource (xii, 481 p.)</subfield>
      </datafield>
      <datafield ind1=' ' ind2=' ' tag='504'>
        <subfield code='a'>Includes bibliographical references and index.</subfield>
      </datafield>
      <datafield ind1='1' ind2=' ' tag='506'>
        <subfield code='a'>Access limited to UNC Chapel Hill-authenticated users.</subfield>
        <subfield code='f'>Unlimited simultaneous users</subfield>
      </datafield>
      <datafield ind1='8' ind2=' ' tag='520'>
        <subfield code='a'>This book examines the complex and varied ways in which fictions relate to the real world, and offers a precise account of how imaginative works of literature can use fictional content to explore matters of universal human interest.</subfield>
      </datafield>
      <datafield ind1=' ' ind2='0' tag='650'>
        <subfield code='a'>Truth in literature.</subfield>
      </datafield>
      <datafield ind1=' ' ind2='7' tag='655'>
        <subfield code='a'>Fiction.</subfield>
        <subfield code='2'>lcgft</subfield>
      </datafield>
      <datafield ind1='1' ind2=' ' tag='700'>
        <subfield code='a'>Olsen, Stein Haugom,</subfield>
        <subfield code='d'>1946-</subfield>
      </datafield>
      <datafield ind1='0' ind2=' ' tag='773'>
        <subfield code='t'>University press scholarship online (online collection)</subfield>
      </datafield>
      <datafield ind1='0' ind2='8' tag='776'>
        <subfield code='i'>Print version</subfield>
        <subfield code='z'>9780198236818</subfield>
      </datafield>
      <datafield ind1=' ' ind2='0' tag='830'>
        <subfield code='a'>Clarendon library of logic and philosophy.</subfield>
      </datafield>
      <datafield ind1='4' ind2='0' tag='856'>
        <subfield code='u'>http://libproxy.lib.unc.edu/login?url=http://dx.doi.org/10.1093/acprof:oso/9780198236818.001.0001</subfield>
        <subfield code='y'>Full text available via the UNC-Chapel Hill Libraries</subfield>
      </datafield>
      <datafield ind1=' ' ind2=' ' tag='907'>
        <subfield code='a'>b7161899</subfield>
      </datafield>
  </record>