
  <record>
    <leader>00000cam  2200193I  4500</leader>
      <controlfield tag='008'>741218s1909    nyu           000 0 eng  </controlfield>
      <controlfield tag='001'>1115469</controlfield>
      <controlfield tag='005'>19850131000000.0</controlfield>
      <datafield ind1=' ' ind2=' ' tag='010'>
        <subfield code='a'>09016219</subfield>
      </datafield>
      <datafield ind1=' ' ind2=' ' tag='040'>
        <subfield code='c'>RRR</subfield>
        <subfield code='d'>m.c.</subfield>
        <subfield code='d'>NOC</subfield>
      </datafield>
      <datafield ind1='1' ind2=' ' tag='100'>
        <subfield code='a'>Wood, Frances A.</subfield>
        <subfield code='q'>(Frances Ann),</subfield>
        <subfield code='d'>1840-</subfield>
      </datafield>
      <datafield ind1='1' ind2='0' tag='245'>
        <subfield code='a'>Earliest years at Vassar,</subfield>
        <subfield code='b'>personal recollections,</subfield>
        <subfield code='c'>by Frances A. Wood.</subfield>
      </datafield>
      <datafield ind1=' ' ind2=' ' tag='260'>
        <subfield code='a'>Poughkeepsie, N. Y.,</subfield>
        <subfield code='b'>Vassar College Press,</subfield>
        <subfield code='c'>1909.</subfield>
      </datafield>
      <datafield ind1=' ' ind2=' ' tag='300'>
        <subfield code='a'>98 p.</subfield>
        <subfield code='b'>front., illus., pl., ports.</subfield>
        <subfield code='c'>20 cm.</subfield>
      </datafield>
      <datafield ind1='2' ind2='0' tag='610'>
        <subfield code='a'>Vassar College.</subfield>
      </datafield>
      <datafield ind1=' ' ind2=' ' tag='907'>
        <subfield code='a'>b1238600</subfield>
      </datafield>
      <datafield ind1='9' ind2='1' tag='999'>
        <subfield code='i'>i1417499</subfield>
        <subfield code='l'>trln</subfield>
        <subfield code='s'>-</subfield>
        <subfield code='t'>0</subfield>
        <subfield code='c'>1</subfield>
        <subfield code='o'>0</subfield>
        <subfield code='b'>00002606120</subfield>
        <subfield code='p'>090</subfield>
        <subfield code='q'>|aLD7183 .W6</subfield>
      </datafield>
  </record>