
  <record>
    <leader>00000cam  2200265 a 4500</leader>
      <controlfield tag='008'>950410s1995    cau      b    000 0 eng  </controlfield>
      <controlfield tag='001'>32393812</controlfield>
      <controlfield tag='005'>19951207141930.0</controlfield>
      <datafield ind1=' ' ind2=' ' tag='010'>
        <subfield code='a'>95016793</subfield>
      </datafield>
      <datafield ind1=' ' ind2=' ' tag='020'>
        <subfield code='a'>0787901180 (pbk. : alk. paper)</subfield>
      </datafield>
      <datafield ind1=' ' ind2=' ' tag='040'>
        <subfield code='a'>DLC</subfield>
        <subfield code='c'>DLC</subfield>
        <subfield code='d'>NOC</subfield>
      </datafield>
      <datafield ind1='0' ind2='0' tag='050'>
        <subfield code='a'>HG177</subfield>
        <subfield code='b'>.C374 1995</subfield>
      </datafield>
      <datafield ind1='0' ind2='0' tag='082'>
        <subfield code='a'>658.15/224</subfield>
        <subfield code='2'>20</subfield>
      </datafield>
      <datafield ind1='1' ind2=' ' tag='100'>
        <subfield code='a'>Carlson, Mim,</subfield>
        <subfield code='d'>1950-</subfield>
      </datafield>
      <datafield ind1='1' ind2='0' tag='245'>
        <subfield code='a'>Winning grants step by step :</subfield>
        <subfield code='b'>Support Centers of America&apos;s complete workbook for planning, developing, and writing successful proposals /</subfield>
        <subfield code='c'>Support Centers of America ; written by Mim Carlson.</subfield>
      </datafield>
      <datafield ind1='3' ind2='0' tag='246'>
        <subfield code='a'>Support Centers of America&apos;s complete workbook for planning, developing, and writing successful proposals</subfield>
      </datafield>
      <datafield ind1=' ' ind2=' ' tag='250'>
        <subfield code='a'>1st ed.</subfield>
      </datafield>
      <datafield ind1=' ' ind2=' ' tag='260'>
        <subfield code='a'>San Francisco :</subfield>
        <subfield code='b'>Jossey-Bass Publishers,</subfield>
        <subfield code='c'>c1995.</subfield>
      </datafield>
      <datafield ind1=' ' ind2=' ' tag='300'>
        <subfield code='a'>xi, 115 p. ;</subfield>
        <subfield code='c'>29 cm.</subfield>
      </datafield>
      <datafield ind1=' ' ind2=' ' tag='504'>
        <subfield code='a'>Includes bibliographical references (p.91).</subfield>
      </datafield>
      <datafield ind1=' ' ind2='0' tag='650'>
        <subfield code='a'>Proposal writing for grants.</subfield>
      </datafield>
      <datafield ind1=' ' ind2='0' tag='650'>
        <subfield code='a'>Nonprofit organizations</subfield>
        <subfield code='x'>Finance.</subfield>
      </datafield>
      <datafield ind1='2' ind2=' ' tag='710'>
        <subfield code='a'>Support Centers of America (Organization)</subfield>
      </datafield>
      <datafield ind1=' ' ind2='0' tag='830'>
        <subfield code='a'>Jossey-Bass nonprofit sector series.</subfield>
      </datafield>
      <datafield ind1=' ' ind2=' ' tag='907'>
        <subfield code='a'>b2768660</subfield>
      </datafield>
      <datafield ind1='9' ind2='1' tag='999'>
        <subfield code='i'>i3979046</subfield>
        <subfield code='l'>ddda</subfield>
        <subfield code='s'>-</subfield>
        <subfield code='t'>0</subfield>
        <subfield code='c'>1</subfield>
        <subfield code='o'>49</subfield>
        <subfield code='b'>00011526235</subfield>
        <subfield code='p'>090</subfield>
        <subfield code='q'>|aHG177 .C374 1995</subfield>
      </datafield>
  </record>