
  <record>
    <leader>00000nam  2200373Ia 4500</leader>
      <controlfield tag='008'>110802s1975    ncu           000 0 eng d</controlfield>
      <controlfield tag='001'>744405622</controlfield>
      <controlfield tag='003'>OCoLC</controlfield>
      <controlfield tag='005'>20110802080313.0</controlfield>
      <datafield ind1=' ' ind2=' ' tag='035'>
        <subfield code='a'>(OCoLC)744405622</subfield>
      </datafield>
      <datafield ind1=' ' ind2=' ' tag='040'>
        <subfield code='a'>NOC</subfield>
        <subfield code='c'>NOC</subfield>
      </datafield>
      <datafield ind1=' ' ind2=' ' tag='043'>
        <subfield code='a'>n-us-nc</subfield>
      </datafield>
      <datafield ind1=' ' ind2=' ' tag='049'>
        <subfield code='a'>NODB</subfield>
      </datafield>
      <datafield ind1='1' ind2=' ' tag='100'>
        <subfield code='a'>George, Clara E.</subfield>
      </datafield>
      <datafield ind1='1' ind2='0' tag='245'>
        <subfield code='a'>History of Western Prong Baptist Church.</subfield>
      </datafield>
      <datafield ind1=' ' ind2=' ' tag='260'>
        <subfield code='a'>[North Carolina :</subfield>
        <subfield code='b'>Western Prong Baptist Church?,</subfield>
        <subfield code='c'>1975?]</subfield>
      </datafield>
      <datafield ind1=' ' ind2=' ' tag='300'>
        <subfield code='a'>[18] leaves ;</subfield>
        <subfield code='c'>28 cm.</subfield>
      </datafield>
      <datafield ind1=' ' ind2=' ' tag='500'>
        <subfield code='a'>Anonymous. Attributed to Clara E. George.</subfield>
      </datafield>
      <datafield ind1=' ' ind2=' ' tag='500'>
        <subfield code='a'>Includes information from tombstones in Western Prong Cemetery.</subfield>
      </datafield>
      <datafield ind1='2' ind2='0' tag='610'>
        <subfield code='a'>Western Prong Baptist Church (Columbus County, N.C.)</subfield>
      </datafield>
      <datafield ind1='2' ind2='0' tag='610'>
        <subfield code='a'>Western Prong Cemetery (Columbus County, N.C.)</subfield>
      </datafield>
      <datafield ind1=' ' ind2='0' tag='650'>
        <subfield code='a'>Baptists</subfield>
        <subfield code='z'>North Carolina</subfield>
        <subfield code='z'>Columbus County</subfield>
        <subfield code='x'>History.</subfield>
      </datafield>
      <datafield ind1=' ' ind2='0' tag='650'>
        <subfield code='a'>Cemeteries</subfield>
        <subfield code='z'>North Carolina</subfield>
        <subfield code='z'>Columbus County.</subfield>
      </datafield>
      <datafield ind1=' ' ind2='0' tag='651'>
        <subfield code='a'>Columbus County (N.C.)</subfield>
        <subfield code='x'>Church history.</subfield>
      </datafield>
      <datafield ind1=' ' ind2='0' tag='651'>
        <subfield code='a'>Columbus County (N.C.)</subfield>
        <subfield code='v'>Genealogy.</subfield>
      </datafield>
      <datafield ind1=' ' ind2='0' tag='651'>
        <subfield code='a'>North Carolina</subfield>
        <subfield code='v'>Genealogy.</subfield>
      </datafield>
      <datafield ind1=' ' ind2=' ' tag='691'>
        <subfield code='a'>North Carolina</subfield>
        <subfield code='x'>Church history</subfield>
        <subfield code='x'>Baptist.</subfield>
      </datafield>
      <datafield ind1='2' ind2=' ' tag='710'>
        <subfield code='a'>Western Prong Baptist Church (Columbus County, N.C.)</subfield>
      </datafield>
      <datafield ind1=' ' ind2=' ' tag='907'>
        <subfield code='a'>b6795542</subfield>
      </datafield>
      <datafield ind1='9' ind2='1' tag='999'>
        <subfield code='i'>i9122442</subfield>
        <subfield code='l'>wbda</subfield>
        <subfield code='s'>o</subfield>
        <subfield code='t'>0</subfield>
        <subfield code='c'>1</subfield>
        <subfield code='o'>0</subfield>
        <subfield code='b'>00041112688</subfield>
        <subfield code='p'>099</subfield>
        <subfield code='q'>|aCp286.09|aC72g</subfield>
      </datafield>
  </record>