
  <record>
    <leader>00000cam  2200205Ia 4500</leader>
      <controlfield tag='008'>921120s1990    mx            000 1 spa d</controlfield>
      <controlfield tag='001'>23058199</controlfield>
      <controlfield tag='005'>19921120000000.0</controlfield>
      <datafield ind1=' ' ind2=' ' tag='020'>
        <subfield code='a'>9682703670</subfield>
      </datafield>
      <datafield ind1=' ' ind2=' ' tag='040'>
        <subfield code='a'>AZU</subfield>
        <subfield code='c'>AZU</subfield>
        <subfield code='d'>NOC</subfield>
      </datafield>
      <datafield ind1='1' ind2=' ' tag='100'>
        <subfield code='a'>Carballo, Marco Aurelio,</subfield>
        <subfield code='d'>1942-</subfield>
      </datafield>
      <datafield ind1='1' ind2='0' tag='245'>
        <subfield code='a'>Polvos ardientes de la Segunda Calle /</subfield>
        <subfield code='c'>Marco Aurelio Carballo.</subfield>
      </datafield>
      <datafield ind1=' ' ind2=' ' tag='250'>
        <subfield code='a'>1. ed.</subfield>
      </datafield>
      <datafield ind1=' ' ind2=' ' tag='260'>
        <subfield code='a'>México :</subfield>
        <subfield code='b'>Editorial Joaquín Mortiz,</subfield>
        <subfield code='c'>1990.</subfield>
      </datafield>
      <datafield ind1=' ' ind2=' ' tag='300'>
        <subfield code='a'>275 p. ;</subfield>
        <subfield code='c'>20 cm.</subfield>
      </datafield>
      <datafield ind1=' ' ind2='0' tag='830'>
        <subfield code='a'>Cuarto creciente.</subfield>
      </datafield>
      <datafield ind1=' ' ind2=' ' tag='907'>
        <subfield code='a'>b2379880</subfield>
      </datafield>
      <datafield ind1='9' ind2='1' tag='999'>
        <subfield code='i'>i3420317</subfield>
        <subfield code='l'>ddda</subfield>
        <subfield code='s'>-</subfield>
        <subfield code='t'>0</subfield>
        <subfield code='c'>1</subfield>
        <subfield code='o'>0</subfield>
        <subfield code='b'>00008022560</subfield>
        <subfield code='p'>090</subfield>
        <subfield code='q'>|aPQ7298.13.A663 P6 1990</subfield>
      </datafield>
  </record>