
  <record>
    <leader>00000cam a22003251  4500</leader>
      <controlfield tag='008'>910909s1969    txua     b    000 0 eng  </controlfield>
      <controlfield tag='001'>179322</controlfield>
      <controlfield tag='005'>19910909000000.0</controlfield>
      <datafield ind1=' ' ind2=' ' tag='010'>
        <subfield code='a'>69019755 //r872</subfield>
      </datafield>
      <datafield ind1=' ' ind2=' ' tag='019'>
        <subfield code='a'>11371501</subfield>
      </datafield>
      <datafield ind1=' ' ind2=' ' tag='020'>
        <subfield code='a'>0292783868</subfield>
      </datafield>
      <datafield ind1=' ' ind2=' ' tag='040'>
        <subfield code='a'>DLC</subfield>
        <subfield code='c'>DLC</subfield>
        <subfield code='d'>m.c.</subfield>
      </datafield>
      <datafield ind1='0' ind2=' ' tag='050'>
        <subfield code='a'>PT7160</subfield>
        <subfield code='b'>.O4</subfield>
      </datafield>
      <datafield ind1='0' ind2=' ' tag='082'>
        <subfield code='a'>839/.6</subfield>
      </datafield>
      <datafield ind1='0' ind2='0' tag='245'>
        <subfield code='a'>Old Norse literature and mythology;</subfield>
        <subfield code='b'>a symposium.</subfield>
        <subfield code='c'>Edited by Edgar C. Polomé.</subfield>
      </datafield>
      <datafield ind1=' ' ind2=' ' tag='260'>
        <subfield code='a'>Austin,</subfield>
        <subfield code='b'>Published for the Dept. of Germanic Languages of the University of Texas at Austin by the University of Texas Press</subfield>
        <subfield code='c'>[1969]</subfield>
      </datafield>
      <datafield ind1=' ' ind2=' ' tag='300'>
        <subfield code='a'>xii, 347 p.</subfield>
        <subfield code='b'>illus.</subfield>
        <subfield code='c'>24 cm.</subfield>
      </datafield>
      <datafield ind1=' ' ind2=' ' tag='500'>
        <subfield code='a'>Papers written in honor of Professor Lee M. Hollander, five of which were first presented at the 6th Germanic languages symposium held at the University of Texas, Nov. 30-Dec. 2, 1964.</subfield>
      </datafield>
      <datafield ind1=' ' ind2=' ' tag='504'>
        <subfield code='a'>Includes bibliographical references.</subfield>
      </datafield>
      <datafield ind1='0' ind2=' ' tag='505'>
        <subfield code='a'>On translating from the Scandinavian, by E. Haugen.--Fact and fancy in the Vinland sagas, by E. Wahlgren.--Some observations on the influence of Tristrams saga ok Ísöndar on Old Icelandic literature, by P. Schach.--The heroic pattern: Old Germanic helmets, Beowulf, and Grettis saga, by A.M. Arent.--A contribution to the interpretation of skaldic poetry: tmesis, by K. Reichardt.--On reflections of Germanic legal terminology and situations in the Edda, by W.P. Lehmann.--Fertility of beast and soil in Old Norse literature, by E.O.G. Turvill-Petre.--Some comments on Voļuspá, stanzas 17-18, by E.C. Polomé.--Appendix A. Lee M. Hollander: a biographical sketch.--Appendix B. Lee M. Hollander: a chronological bibliography.</subfield>
      </datafield>
      <datafield ind1=' ' ind2='0' tag='650'>
        <subfield code='a'>Old Norse literature</subfield>
        <subfield code='x'>History and criticism.</subfield>
      </datafield>
      <datafield ind1='1' ind2=' ' tag='700'>
        <subfield code='a'>Polomé, Edgar C.</subfield>
      </datafield>
      <datafield ind1='1' ind2=' ' tag='700'>
        <subfield code='a'>Hollander, Lee M.</subfield>
        <subfield code='q'>(Lee Milton),</subfield>
        <subfield code='d'>1880-1972.</subfield>
      </datafield>
      <datafield ind1='2' ind2=' ' tag='710'>
        <subfield code='a'>University of Texas at Austin.</subfield>
        <subfield code='b'>Department of Germanic Languages.</subfield>
      </datafield>
      <datafield ind1=' ' ind2=' ' tag='907'>
        <subfield code='a'>b1045384</subfield>
      </datafield>
      <datafield ind1='9' ind2='1' tag='999'>
        <subfield code='i'>i1074736</subfield>
        <subfield code='l'>ddda</subfield>
        <subfield code='s'>-</subfield>
        <subfield code='t'>0</subfield>
        <subfield code='c'>1</subfield>
        <subfield code='o'>6</subfield>
        <subfield code='b'>10002015702</subfield>
        <subfield code='p'>090</subfield>
        <subfield code='q'>|aPT7017 .O45 1969</subfield>
      </datafield>
  </record>