
  <record>
    <leader>00000cam  2200241I  4500</leader>
      <controlfield tag='008'>750505s1961    xx            000 0 eng d</controlfield>
      <controlfield tag='001'>1312235</controlfield>
      <controlfield tag='005'>19930702115319.0</controlfield>
      <datafield ind1=' ' ind2=' ' tag='040'>
        <subfield code='a'>YBM</subfield>
        <subfield code='c'>YBM</subfield>
        <subfield code='d'>m.c.</subfield>
      </datafield>
      <datafield ind1='1' ind2=' ' tag='100'>
        <subfield code='a'>Hamstrom, Mary-Elizabeth.</subfield>
      </datafield>
      <datafield ind1='1' ind2='0' tag='245'>
        <subfield code='a'>Regular mappings and the space of homeomorphisms on a 3-manifold,</subfield>
        <subfield code='c'>by Mary-Elizabeth Hamstrom.</subfield>
      </datafield>
      <datafield ind1=' ' ind2=' ' tag='260'>
        <subfield code='a'>Providence,</subfield>
        <subfield code='b'>American Mathematical Society,</subfield>
        <subfield code='c'>1961.</subfield>
      </datafield>
      <datafield ind1=' ' ind2=' ' tag='300'>
        <subfield code='a'>42 p.</subfield>
        <subfield code='c'>26 cm.</subfield>
      </datafield>
      <datafield ind1=' ' ind2=' ' tag='500'>
        <subfield code='a'>Cover title.</subfield>
      </datafield>
      <datafield ind1=' ' ind2=' ' tag='504'>
        <subfield code='a'>Bibliography: p. 41-42.</subfield>
      </datafield>
      <datafield ind1=' ' ind2='0' tag='650'>
        <subfield code='a'>Conformal mapping.</subfield>
      </datafield>
      <datafield ind1=' ' ind2='0' tag='650'>
        <subfield code='a'>Generalized spaces.</subfield>
      </datafield>
      <datafield ind1=' ' ind2='0' tag='830'>
        <subfield code='a'>Memoirs of the American Mathematical Society ;</subfield>
        <subfield code='v'>no. 40.</subfield>
      </datafield>
      <datafield ind1=' ' ind2=' ' tag='907'>
        <subfield code='a'>b2547377</subfield>
      </datafield>
      <datafield ind1='9' ind2='1' tag='999'>
        <subfield code='i'>i3664842</subfield>
        <subfield code='l'>bbla</subfield>
        <subfield code='s'>-</subfield>
        <subfield code='t'>0</subfield>
        <subfield code='c'>1</subfield>
        <subfield code='o'>0</subfield>
        <subfield code='b'>HAMT-3572-00001</subfield>
        <subfield code='p'>090</subfield>
        <subfield code='q'>|aQA3 .A57 no. 40</subfield>
      </datafield>
  </record>