
  <record>
    <leader>00000cam  2200277 a 4500</leader>
      <controlfield tag='008'>820806s1979    th       b   i000 0 eng  </controlfield>
      <controlfield tag='001'>10696273</controlfield>
      <controlfield tag='005'>19980618122306.0</controlfield>
      <datafield ind1=' ' ind2=' ' tag='010'>
        <subfield code='a'>82915785</subfield>
      </datafield>
      <datafield ind1=' ' ind2=' ' tag='040'>
        <subfield code='a'>DLC</subfield>
        <subfield code='c'>DLC</subfield>
        <subfield code='d'>NOC</subfield>
      </datafield>
      <datafield ind1=' ' ind2=' ' tag='043'>
        <subfield code='a'>a------</subfield>
        <subfield code='a'>f------</subfield>
      </datafield>
      <datafield ind1='0' ind2=' ' tag='050'>
        <subfield code='a'>Z7165.I69</subfield>
        <subfield code='b'>R4 1979</subfield>
        <subfield code='a'>HQ766.37</subfield>
      </datafield>
      <datafield ind1='0' ind2=' ' tag='082'>
        <subfield code='a'>016.3639/6/0917671</subfield>
        <subfield code='2'>19</subfield>
      </datafield>
      <datafield ind1='0' ind2='0' tag='245'>
        <subfield code='a'>Reading profile on Islam and family planning :</subfield>
        <subfield code='b'>an index of materials, and how to obtain them /</subfield>
        <subfield code='c'>compiled by Reference Centre, Clearing-house and Information Section, Population Division, ESCAP.</subfield>
      </datafield>
      <datafield ind1=' ' ind2=' ' tag='260'>
        <subfield code='a'>Bangkok, Thailand :</subfield>
        <subfield code='b'>Economic and Social Commission for Asia and the Pacific,</subfield>
        <subfield code='c'>[1979]</subfield>
      </datafield>
      <datafield ind1=' ' ind2=' ' tag='300'>
        <subfield code='a'>xiv, 48 p. ;</subfield>
        <subfield code='c'>31 cm.</subfield>
      </datafield>
      <datafield ind1=' ' ind2=' ' tag='500'>
        <subfield code='a'>&quot;December 1979.&quot;</subfield>
      </datafield>
      <datafield ind1=' ' ind2='0' tag='650'>
        <subfield code='a'>Birth control</subfield>
        <subfield code='x'>Religious aspects</subfield>
        <subfield code='x'>Islam</subfield>
        <subfield code='v'>Bibliography.</subfield>
      </datafield>
      <datafield ind1=' ' ind2='0' tag='650'>
        <subfield code='a'>Birth control</subfield>
        <subfield code='z'>Islamic countries</subfield>
        <subfield code='v'>Bibliography.</subfield>
      </datafield>
      <datafield ind1='2' ind2=' ' tag='710'>
        <subfield code='a'>United Nations.</subfield>
        <subfield code='b'>Economic and Social Commission for Asia and the Pacific.</subfield>
        <subfield code='b'>Population Division.</subfield>
        <subfield code='b'>Clearing-house and Information Section.</subfield>
        <subfield code='b'>Reference Centre.</subfield>
      </datafield>
      <datafield ind1=' ' ind2='0' tag='830'>
        <subfield code='a'>ESCAP population reading profile series ;</subfield>
        <subfield code='v'>no. 1.</subfield>
      </datafield>
      <datafield ind1=' ' ind2=' ' tag='907'>
        <subfield code='a'>b3144222</subfield>
      </datafield>
      <datafield ind1='9' ind2='1' tag='999'>
        <subfield code='i'>i4461978</subfield>
        <subfield code='l'>dcpw</subfield>
        <subfield code='s'>-</subfield>
        <subfield code='t'>0</subfield>
        <subfield code='c'>1</subfield>
        <subfield code='o'>0</subfield>
        <subfield code='b'>00018209840</subfield>
      </datafield>
  </record>