
  <record>
    <leader>00000cam a2200241Ia 4500</leader>
      <controlfield tag='008'>900130s1975    ru       b    000 0 rusod</controlfield>
      <controlfield tag='001'>7991654</controlfield>
      <controlfield tag='005'>19920131100441.3</controlfield>
      <datafield ind1=' ' ind2=' ' tag='040'>
        <subfield code='a'>KKU</subfield>
        <subfield code='c'>KKU</subfield>
      </datafield>
      <datafield ind1='0' ind2='0' tag='245'>
        <subfield code='a'>Problemy leksikologii, frazeologii i leksikografii sibirskikh govorov :</subfield>
        <subfield code='b'>[sbornik stateĭ] /</subfield>
        <subfield code='c'>Krasno︠i︡arskiĭ gosudarstvennyĭ pedagogicheskiĭ institut ; [redak︠t︡sionna︠i︡a kollegi︠i︡a Rogova V. N. (otv. redaktor) ... et al.].</subfield>
      </datafield>
      <datafield ind1=' ' ind2=' ' tag='260'>
        <subfield code='a'>Krasno︠i︡arsk :</subfield>
        <subfield code='b'>Krasno︠i︡arskiĭ gos. pedagog. in-t,</subfield>
        <subfield code='c'>1975.</subfield>
      </datafield>
      <datafield ind1=' ' ind2=' ' tag='300'>
        <subfield code='a'>160 p. ;</subfield>
        <subfield code='c'>20 cm.</subfield>
      </datafield>
      <datafield ind1=' ' ind2=' ' tag='500'>
        <subfield code='a'>At head of title: Ministerstvo prosveshcheni︠i︡a RSFSR.</subfield>
      </datafield>
      <datafield ind1=' ' ind2=' ' tag='504'>
        <subfield code='a'>Includes bibliographies.</subfield>
      </datafield>
      <datafield ind1=' ' ind2='0' tag='650'>
        <subfield code='a'>Russian language</subfield>
        <subfield code='x'>Dialects</subfield>
        <subfield code='z'>Russia (Federation)</subfield>
        <subfield code='z'>Siberia.</subfield>
      </datafield>
      <datafield ind1='1' ind2=' ' tag='700'>
        <subfield code='a'>Rogova, V. N.</subfield>
        <subfield code='q'>(Valentina Nikanorovna)</subfield>
      </datafield>
      <datafield ind1='2' ind2=' ' tag='710'>
        <subfield code='a'>Krasnoi͡arskiĭ gosudarstvennyĭ pedagogicheskiĭ institut.</subfield>
      </datafield>
      <datafield ind1=' ' ind2=' ' tag='907'>
        <subfield code='a'>b1798145</subfield>
      </datafield>
      <datafield ind1='9' ind2='1' tag='999'>
        <subfield code='i'>i2593730</subfield>
        <subfield code='l'>trln</subfield>
        <subfield code='s'>-</subfield>
        <subfield code='t'>0</subfield>
        <subfield code='c'>1</subfield>
        <subfield code='o'>0</subfield>
        <subfield code='b'>00039896595</subfield>
        <subfield code='p'>090</subfield>
        <subfield code='q'>|aPG2750.S5 P7</subfield>
      </datafield>
  </record>