
  <record>
    <leader>00000cam  2200181I  4500</leader>
      <controlfield tag='008'>901027s1926    xx            000 0 eng  </controlfield>
      <controlfield tag='001'>1867832</controlfield>
      <controlfield tag='005'>19901027000000.0</controlfield>
      <datafield ind1=' ' ind2=' ' tag='010'>
        <subfield code='a'>26024299</subfield>
      </datafield>
      <datafield ind1=' ' ind2=' ' tag='040'>
        <subfield code='a'>DLC</subfield>
        <subfield code='c'>AKR</subfield>
        <subfield code='d'>OCL</subfield>
      </datafield>
      <datafield ind1='0' ind2=' ' tag='050'>
        <subfield code='a'>PR457</subfield>
        <subfield code='b'>.B7</subfield>
      </datafield>
      <datafield ind1='1' ind2=' ' tag='100'>
        <subfield code='a'>Brinton, Crane,</subfield>
        <subfield code='d'>1898-1968.</subfield>
      </datafield>
      <datafield ind1='1' ind2='4' tag='245'>
        <subfield code='a'>The political ideas of the English romanticists /</subfield>
        <subfield code='c'>by Crane Brinton.</subfield>
      </datafield>
      <datafield ind1=' ' ind2=' ' tag='260'>
        <subfield code='a'>[London]</subfield>
        <subfield code='b'>Oxford University Press, H. Milford,</subfield>
        <subfield code='c'>1926.</subfield>
      </datafield>
      <datafield ind1=' ' ind2=' ' tag='300'>
        <subfield code='a'>4 p. l., 242 p.</subfield>
        <subfield code='c'>23 cm.</subfield>
      </datafield>
      <datafield ind1=' ' ind2='0' tag='650'>
        <subfield code='a'>Romanticism</subfield>
        <subfield code='z'>England.</subfield>
      </datafield>
      <datafield ind1=' ' ind2='0' tag='650'>
        <subfield code='a'>English literature</subfield>
        <subfield code='y'>19th century</subfield>
        <subfield code='x'>History and criticism.</subfield>
      </datafield>
      <datafield ind1=' ' ind2='0' tag='650'>
        <subfield code='a'>Political science</subfield>
        <subfield code='z'>Great Britain</subfield>
        <subfield code='x'>History.</subfield>
      </datafield>
      <datafield ind1=' ' ind2=' ' tag='907'>
        <subfield code='a'>b1337046</subfield>
      </datafield>
      <datafield ind1='9' ind2='1' tag='999'>
        <subfield code='i'>i1813886</subfield>
        <subfield code='l'>ddda</subfield>
        <subfield code='s'>-</subfield>
        <subfield code='t'>0</subfield>
        <subfield code='c'>1</subfield>
        <subfield code='o'>1</subfield>
        <subfield code='b'>10001170572</subfield>
        <subfield code='p'>090</subfield>
        <subfield code='q'>|aPR457 .B7</subfield>
      </datafield>
  </record>