
  <record>
    <leader>00000cam  2200229 i 4500</leader>
      <controlfield tag='008'>760914r19761956ctub     b    001 0 eng  </controlfield>
      <controlfield tag='001'>2493536</controlfield>
      <controlfield tag='005'>19790630000000.0</controlfield>
      <datafield ind1=' ' ind2=' ' tag='010'>
        <subfield code='a'>76044839</subfield>
      </datafield>
      <datafield ind1=' ' ind2=' ' tag='020'>
        <subfield code='a'>0837193060</subfield>
      </datafield>
      <datafield ind1=' ' ind2=' ' tag='040'>
        <subfield code='a'>DLC</subfield>
        <subfield code='c'>DLC</subfield>
        <subfield code='d'>NOC</subfield>
      </datafield>
      <datafield ind1=' ' ind2=' ' tag='043'>
        <subfield code='a'>e-ie---</subfield>
        <subfield code='a'>e-uk-ni</subfield>
      </datafield>
      <datafield ind1=' ' ind2=' ' tag='082'>
        <subfield code='a'>333.1/09415</subfield>
      </datafield>
      <datafield ind1='1' ind2=' ' tag='100'>
        <subfield code='a'>Simms, J. G.</subfield>
        <subfield code='q'>(John Gerald),</subfield>
        <subfield code='d'>1904-1979.</subfield>
      </datafield>
      <datafield ind1='1' ind2='4' tag='245'>
        <subfield code='a'>The Williamite confiscation in Ireland, 1690-1703 /</subfield>
        <subfield code='c'>by J. G. Simms.</subfield>
      </datafield>
      <datafield ind1=' ' ind2=' ' tag='260'>
        <subfield code='a'>Westport, Conn :</subfield>
        <subfield code='b'>Greenwood Press,</subfield>
        <subfield code='c'>[1976]</subfield>
      </datafield>
      <datafield ind1=' ' ind2=' ' tag='300'>
        <subfield code='a'>207 p. :</subfield>
        <subfield code='b'>maps ;</subfield>
        <subfield code='c'>22 cm.</subfield>
      </datafield>
      <datafield ind1=' ' ind2=' ' tag='500'>
        <subfield code='a'>Reprint of the 1956 ed. published by Faber and Faber, London, which was issued as v. 7 of Studies in Irish history.</subfield>
      </datafield>
      <datafield ind1=' ' ind2=' ' tag='500'>
        <subfield code='a'>Includes index.</subfield>
      </datafield>
      <datafield ind1=' ' ind2=' ' tag='504'>
        <subfield code='a'>Bibliography: p. 163-173.</subfield>
      </datafield>
      <datafield ind1=' ' ind2='0' tag='651'>
        <subfield code='a'>Ireland</subfield>
        <subfield code='x'>History</subfield>
        <subfield code='y'>War of 1689-1691</subfield>
        <subfield code='x'>Confiscations and contributions.</subfield>
      </datafield>
      <datafield ind1=' ' ind2='0' tag='830'>
        <subfield code='a'>Studies in Irish history ;</subfield>
        <subfield code='v'>v. 7.</subfield>
      </datafield>
      <datafield ind1=' ' ind2=' ' tag='907'>
        <subfield code='a'>b1403847</subfield>
      </datafield>
      <datafield ind1='9' ind2='1' tag='999'>
        <subfield code='i'>i1945049</subfield>
        <subfield code='l'>trln</subfield>
        <subfield code='s'>-</subfield>
        <subfield code='t'>0</subfield>
        <subfield code='c'>1</subfield>
        <subfield code='o'>2</subfield>
        <subfield code='b'>10000386903</subfield>
        <subfield code='p'>090</subfield>
        <subfield code='q'>|aDA946 .S5 1976</subfield>
      </datafield>
  </record>