
  <record>
    <leader>00000cam  22003011i 4500</leader>
      <controlfield tag='006'>m    |   d |</controlfield>
      <controlfield tag='008'>750407s1865    nyu     s     000 0 eng d</controlfield>
      <controlfield tag='007'>cr |n ---||a|a</controlfield>
      <controlfield tag='001'>ASPS00001448/cwld</controlfield>
      <controlfield tag='003'>VaAlASP</controlfield>
      <controlfield tag='005'>20061023112758.0</controlfield>
      <datafield ind1=' ' ind2=' ' tag='035'>
        <subfield code='a'>(OCoLC)85886180</subfield>
      </datafield>
      <datafield ind1=' ' ind2=' ' tag='040'>
        <subfield code='a'>DLC</subfield>
        <subfield code='c'>OTifH</subfield>
        <subfield code='d'>OCoLC</subfield>
        <subfield code='d'>DLC</subfield>
        <subfield code='d'>VaAlASP</subfield>
      </datafield>
      <datafield ind1='0' ind2='0' tag='050'>
        <subfield code='a'>E458</subfield>
        <subfield code='b'>.K35</subfield>
      </datafield>
      <datafield ind1='1' ind2=' ' tag='100'>
        <subfield code='a'>Kennedy, John Pendleton,</subfield>
        <subfield code='d'>1795-1870.</subfield>
      </datafield>
      <datafield ind1='1' ind2='0' tag='245'>
        <subfield code='a'>Mr. Ambrose&apos;s letters on the rebellion</subfield>
        <subfield code='h'>[electronic resource] /</subfield>
        <subfield code='c'>By John P. Kennedy.</subfield>
      </datafield>
      <datafield ind1=' ' ind2=' ' tag='260'>
        <subfield code='a'>New York,</subfield>
        <subfield code='b'>Hurd &amp; Houghton;</subfield>
        <subfield code='a'>Baltimore,</subfield>
        <subfield code='b'>J.S. Waters,</subfield>
        <subfield code='c'>1865.</subfield>
      </datafield>
      <datafield ind1=' ' ind2=' ' tag='300'>
        <subfield code='a'>vii, 246 p.</subfield>
        <subfield code='c'>18 cm.</subfield>
      </datafield>
      <datafield ind1='1' ind2=' ' tag='506'>
        <subfield code='a'>Access limited to UNC Chapel Hill-authenticated users.</subfield>
        <subfield code='f'>Unlimited simultaneous users</subfield>
      </datafield>
      <datafield ind1=' ' ind2=' ' tag='533'>
        <subfield code='a'>Electronic reproduction.</subfield>
        <subfield code='b'>Alexandria, VA :</subfield>
        <subfield code='c'>Alexander Street Press,</subfield>
        <subfield code='d'>2002.</subfield>
        <subfield code='f'>(American Civil War letters and diaries).</subfield>
        <subfield code='n'>Available via World Wide Web.</subfield>
      </datafield>
      <datafield ind1=' ' ind2=' ' tag='538'>
        <subfield code='a'>Mode of access: World Wide Web.</subfield>
      </datafield>
      <datafield ind1=' ' ind2='0' tag='651'>
        <subfield code='a'>United States</subfield>
        <subfield code='x'>Politics and government</subfield>
        <subfield code='y'>1861-1865.</subfield>
      </datafield>
      <datafield ind1=' ' ind2='0' tag='651'>
        <subfield code='a'>United States</subfield>
        <subfield code='x'>History</subfield>
        <subfield code='y'>Civil War, 1861-1865.</subfield>
      </datafield>
      <datafield ind1='0' ind2=' ' tag='773'>
        <subfield code='t'>American Civil War: letters and diaries (online collection)</subfield>
      </datafield>
      <datafield ind1='4' ind2='0' tag='856'>
        <subfield code='u'>http://libproxy.lib.unc.edu/login?url=http://www.aspresolver.com/aspresolver.asp?CWLD;S1448</subfield>
        <subfield code='y'>Full text available via the UNC-Chapel Hill Libraries</subfield>
        <subfield code='x'>American Civil War Letters and Diaries</subfield>
      </datafield>
      <datafield ind1=' ' ind2=' ' tag='907'>
        <subfield code='a'>b5244700</subfield>
      </datafield>
  </record>