
  <record>
    <leader>00000cam a2200493 a 4500</leader>
      <controlfield tag='008'>980821s1996    ko a          000 0 kor d</controlfield>
      <controlfield tag='001'>36500600</controlfield>
      <controlfield tag='003'>OCoLC</controlfield>
      <controlfield tag='005'>20080425094319.0</controlfield>
      <datafield ind1=' ' ind2=' ' tag='010'>
        <subfield code='a'>98452571</subfield>
      </datafield>
      <datafield ind1=' ' ind2=' ' tag='020'>
        <subfield code='a'>8972783188 (v. 1)</subfield>
      </datafield>
      <datafield ind1=' ' ind2=' ' tag='020'>
        <subfield code='a'>9788972783183 (v. 1)</subfield>
      </datafield>
      <datafield ind1=' ' ind2=' ' tag='020'>
        <subfield code='a'>8972783196 (v. 2)</subfield>
      </datafield>
      <datafield ind1=' ' ind2=' ' tag='020'>
        <subfield code='a'>9788972783190 (v. 2)</subfield>
      </datafield>
      <datafield ind1=' ' ind2=' ' tag='035'>
        <subfield code='a'>(OCoLC)36500600</subfield>
      </datafield>
      <datafield ind1=' ' ind2=' ' tag='040'>
        <subfield code='a'>CL</subfield>
        <subfield code='c'>DLC</subfield>
        <subfield code='d'>LPU</subfield>
        <subfield code='d'>HMY</subfield>
        <subfield code='d'>FM0</subfield>
        <subfield code='d'>CER</subfield>
      </datafield>
      <datafield ind1=' ' ind2=' ' tag='042'>
        <subfield code='a'>lccopycat</subfield>
      </datafield>
      <datafield ind1=' ' ind2=' ' tag='043'>
        <subfield code='a'>a-kr---</subfield>
      </datafield>
      <datafield ind1=' ' ind2=' ' tag='049'>
        <subfield code='a'>NOCE</subfield>
      </datafield>
      <datafield ind1='0' ind2='0' tag='050'>
        <subfield code='a'>DS904</subfield>
        <subfield code='b'>.C5485 1996</subfield>
      </datafield>
      <datafield ind1=' ' ind2=' ' tag='066'>
        <subfield code='c'>$1</subfield>
      </datafield>
      <datafield ind1='0' ind2='4' tag='082'>
        <subfield code='a'>390/.09/519</subfield>
        <subfield code='2'>21</subfield>
      </datafield>
      <datafield ind1='0' ind2='0' tag='245'>
        <subfield code='6'>880-01</subfield>
        <subfield code='a'>Chosŏn sidae saramdŭl ŭn ŏttŏke sarassŭlkka /</subfield>
        <subfield code='c'>Hanʼguk Yŏksa Yŏnʼguhoe chiŭm.</subfield>
      </datafield>
      <datafield ind1=' ' ind2=' ' tag='260'>
        <subfield code='6'>880-02</subfield>
        <subfield code='a'>Sŏul Tʻŭkpyŏlsi :</subfield>
        <subfield code='b'>Chʻŏngnyŏnsa,</subfield>
        <subfield code='c'>1996</subfield>
        <subfield code='g'>(1998 printing)</subfield>
      </datafield>
      <datafield ind1=' ' ind2=' ' tag='300'>
        <subfield code='a'>2 v. :</subfield>
        <subfield code='b'>ill. ;</subfield>
        <subfield code='c'>23 cm.</subfield>
      </datafield>
      <datafield ind1='0' ind2=' ' tag='505'>
        <subfield code='6'>880-04</subfield>
        <subfield code='a'>1. Sahoe, kyŏngje saenghwal iyagi --  2. Chŏngchʻi, munhwa saenghwal iyagi.</subfield>
      </datafield>
      <datafield ind1=' ' ind2='0' tag='651'>
        <subfield code='a'>Korea</subfield>
        <subfield code='x'>Social life and customs</subfield>
        <subfield code='y'>1392-1910.</subfield>
      </datafield>
      <datafield ind1=' ' ind2='0' tag='651'>
        <subfield code='a'>Korea</subfield>
        <subfield code='x'>Politics and government</subfield>
        <subfield code='y'>1392-1910.</subfield>
      </datafield>
      <datafield ind1=' ' ind2='0' tag='651'>
        <subfield code='a'>Korea</subfield>
        <subfield code='x'>Social conditions</subfield>
        <subfield code='y'>1392-1910.</subfield>
      </datafield>
      <datafield ind1='2' ind2=' ' tag='710'>
        <subfield code='6'>880-05</subfield>
        <subfield code='a'>Han&apos;guk Yŏksa Yŏn&apos;guhoe.</subfield>
      </datafield>
      <datafield ind1=' ' ind2='0' tag='830'>
        <subfield code='6'>880-06</subfield>
        <subfield code='a'>Ch&apos;ŏngnyŏn haksul ;</subfield>
        <subfield code='v'>18-19.</subfield>
      </datafield>
      <datafield ind1='0' ind2='0' tag='880'>
        <subfield code='6'>245-01/$1</subfield>
        <subfield code='a'>조선 시대 사람들 은 어떻게 살았을까 /</subfield>
        <subfield code='c'>한국 역사 연구회 지음.</subfield>
      </datafield>
      <datafield ind1=' ' ind2=' ' tag='880'>
        <subfield code='6'>260-02/$1</subfield>
        <subfield code='a'>서울특별시 :</subfield>
        <subfield code='b'>청년사,</subfield>
        <subfield code='c'>1996</subfield>
        <subfield code='g'>(1998 printing)</subfield>
      </datafield>
      <datafield ind1='1' ind2=' ' tag='880'>
        <subfield code='6'>490-03/$1</subfield>
        <subfield code='a'>청년 학술 ;</subfield>
        <subfield code='v'>18-19</subfield>
      </datafield>
      <datafield ind1='0' ind2=' ' tag='880'>
        <subfield code='6'>505-04/$1</subfield>
        <subfield code='a'>1. 사회。경제 생활 이야기 -- 2. 정치。문화 생활 이야기.</subfield>
      </datafield>
      <datafield ind1='2' ind2=' ' tag='880'>
        <subfield code='6'>710-05/$1</subfield>
        <subfield code='a'>한국역사연구회.</subfield>
      </datafield>
      <datafield ind1=' ' ind2='0' tag='880'>
        <subfield code='6'>830-06/$1</subfield>
        <subfield code='a'>청년 학술 ;</subfield>
        <subfield code='v'>18-19</subfield>
      </datafield>
      <datafield ind1=' ' ind2=' ' tag='907'>
        <subfield code='a'>b5343077</subfield>
      </datafield>
      <datafield ind1='9' ind2='1' tag='999'>
        <subfield code='i'>i7314176</subfield>
        <subfield code='l'>trln</subfield>
        <subfield code='s'>-</subfield>
        <subfield code='t'>0</subfield>
        <subfield code='c'>1</subfield>
        <subfield code='o'>0</subfield>
        <subfield code='b'>00030295813</subfield>
        <subfield code='p'>050</subfield>
        <subfield code='q'>|aDS904|b.C5485 1996</subfield>
        <subfield code='v'>v.1</subfield>
      </datafield>
      <datafield ind1='9' ind2='1' tag='999'>
        <subfield code='i'>i7314177</subfield>
        <subfield code='l'>trln</subfield>
        <subfield code='s'>-</subfield>
        <subfield code='t'>0</subfield>
        <subfield code='c'>1</subfield>
        <subfield code='o'>0</subfield>
        <subfield code='b'>00030271839</subfield>
        <subfield code='p'>050</subfield>
        <subfield code='q'>|aDS904|b.C5485 1996</subfield>
        <subfield code='v'>v.2</subfield>
      </datafield>
      <datafield ind1='9' ind2='2' tag='999'>
        <subfield code='a'>c4695346</subfield>
        <subfield code='b'>trln</subfield>
        <subfield code='c'>0</subfield>
      </datafield>
      <datafield ind1='9' ind2='3' tag='999'>
        <subfield code='0'>c4695346</subfield>
        <subfield code='2'>852</subfield>
        <subfield code='3'>c</subfield>
        <subfield code='h'>DS904</subfield>
        <subfield code='i'>.C5485 1996</subfield>
      </datafield>
      <datafield ind1='9' ind2='3' tag='999'>
        <subfield code='0'>c4695346</subfield>
        <subfield code='2'>853</subfield>
        <subfield code='3'>y</subfield>
        <subfield code='8'>1</subfield>
        <subfield code='a'>v.</subfield>
        <subfield code='t'>c.</subfield>
      </datafield>
      <datafield ind1='9' ind2='3' tag='999'>
        <subfield code='0'>c4695346</subfield>
        <subfield code='2'>866</subfield>
        <subfield code='3'>h</subfield>
        <subfield code='8'>0</subfield>
        <subfield code='a'>v.1-2</subfield>
      </datafield>
  </record>