
  <record>
    <leader>00000ccm a2200277Ii 4500</leader>
      <controlfield tag='008'>791112s1977    ru sna         n    rusr </controlfield>
      <controlfield tag='001'>5686651</controlfield>
      <controlfield tag='005'>20030225153314.0</controlfield>
      <datafield ind1=' ' ind2=' ' tag='010'>
        <subfield code='a'>77771190</subfield>
      </datafield>
      <datafield ind1=' ' ind2=' ' tag='040'>
        <subfield code='a'>DLC</subfield>
        <subfield code='c'>CUI</subfield>
        <subfield code='d'>CUI</subfield>
        <subfield code='d'>OCL</subfield>
        <subfield code='d'>NOC</subfield>
      </datafield>
      <datafield ind1=' ' ind2=' ' tag='050'>
        <subfield code='a'>M1254.S</subfield>
        <subfield code='a'>[(M1254.2)]</subfield>
      </datafield>
      <datafield ind1='1' ind2=' ' tag='100'>
        <subfield code='a'>Shchedrin, Rodion Konstantinovich,</subfield>
        <subfield code='d'>1932-</subfield>
      </datafield>
      <datafield ind1='1' ind2='0' tag='240'>
        <subfield code='a'>Ne tolʹko li͡ubovʹ.</subfield>
        <subfield code='p'>Suite;</subfield>
        <subfield code='o'>arranged</subfield>
      </datafield>
      <datafield ind1='1' ind2='0' tag='245'>
        <subfield code='a'>S︠i︡uita :</subfield>
        <subfield code='b'>iz opery Ne tol&apos;ko l︠i︡ubov&apos; : dl︠i︡a dukhovogo orkestra /</subfield>
        <subfield code='c'>Rodion Shchedrin ; [instrumentovka E. Aksenova].</subfield>
      </datafield>
      <datafield ind1='3' ind2=' ' tag='246'>
        <subfield code='a'>Ne tol&apos;ko l︠i︡ubov&apos;</subfield>
      </datafield>
      <datafield ind1=' ' ind2=' ' tag='260'>
        <subfield code='a'>Moskva :</subfield>
        <subfield code='b'>Sov. Kompozitor,</subfield>
        <subfield code='c'>1977.</subfield>
      </datafield>
      <datafield ind1=' ' ind2=' ' tag='300'>
        <subfield code='a'>score (89 p.) ;</subfield>
        <subfield code='c'>29 cm.</subfield>
      </datafield>
      <datafield ind1=' ' ind2=' ' tag='500'>
        <subfield code='a'>For band; originally for orchestra.</subfield>
      </datafield>
      <datafield ind1='0' ind2=' ' tag='505'>
        <subfield code='a'>Vstuplenie.--Kadril&apos;.--Pesn︠i︡a i chastushki Varvary.--Final.</subfield>
      </datafield>
      <datafield ind1=' ' ind2='0' tag='650'>
        <subfield code='a'>Suites (Band), Arranged</subfield>
        <subfield code='v'>Scores.</subfield>
      </datafield>
      <datafield ind1=' ' ind2=' ' tag='907'>
        <subfield code='a'>b4240188</subfield>
      </datafield>
      <datafield ind1='9' ind2='1' tag='999'>
        <subfield code='i'>i5804691</subfield>
        <subfield code='l'>mmda</subfield>
        <subfield code='s'>-</subfield>
        <subfield code='t'>45</subfield>
        <subfield code='c'>1</subfield>
        <subfield code='o'>0</subfield>
        <subfield code='b'>HBGZ-9367-00001</subfield>
        <subfield code='p'>090</subfield>
        <subfield code='q'>|aM1254.S53 N6</subfield>
      </datafield>
  </record>