
  <record>
    <leader>00000cam a2200421Ia 4500</leader>
      <controlfield tag='008'>970421s1996    gaua          000 0 eng d</controlfield>
      <controlfield tag='001'>36772877</controlfield>
      <controlfield tag='005'>20030502102625.0</controlfield>
      <datafield ind1=' ' ind2=' ' tag='020'>
        <subfield code='a'>0932526551</subfield>
      </datafield>
      <datafield ind1=' ' ind2=' ' tag='040'>
        <subfield code='a'>UUM</subfield>
        <subfield code='c'>UUM</subfield>
        <subfield code='d'>NOC</subfield>
      </datafield>
      <datafield ind1=' ' ind2=' ' tag='043'>
        <subfield code='a'>n-us---</subfield>
      </datafield>
      <datafield ind1='1' ind2=' ' tag='100'>
        <subfield code='a'>Ohtake, Shinro,</subfield>
        <subfield code='d'>1955-</subfield>
      </datafield>
      <datafield ind1='1' ind2='0' tag='245'>
        <subfield code='a'>AT lanta 1945+50 /</subfield>
        <subfield code='c'>Shinro Ohtake.</subfield>
      </datafield>
      <datafield ind1='3' ind2=' ' tag='246'>
        <subfield code='a'>Atlanta 1945 and 50</subfield>
      </datafield>
      <datafield ind1='3' ind2=' ' tag='246'>
        <subfield code='a'>Atlanta 1945+50</subfield>
      </datafield>
      <datafield ind1=' ' ind2=' ' tag='260'>
        <subfield code='a'>Atlanta, Ga. :</subfield>
        <subfield code='b'>Nexus Press,</subfield>
        <subfield code='c'>c1996.</subfield>
      </datafield>
      <datafield ind1=' ' ind2=' ' tag='300'>
        <subfield code='a'>1 v. (unpaged) :</subfield>
        <subfield code='b'>all col. ill. ;</subfield>
        <subfield code='c'>22 cm.</subfield>
      </datafield>
      <datafield ind1=' ' ind2=' ' tag='500'>
        <subfield code='a'>&quot;In collaboration with The Atlanta Committee for the Olympic Games (ACOG) Cultural Olympiad&quot;--Colophon.</subfield>
      </datafield>
      <datafield ind1=' ' ind2=' ' tag='500'>
        <subfield code='a'>&quot;Endless Japanese and American ephemera are juxtaposed, overlapped and manipulated to create complex crosscultural visions-the printing of this artist`s book involved as a many as 150 runs on the press. Each copy is unique: the printing incorporated paper from a variety of sources including Atlanta billboards and throwaway sheets from previous printings in Japan.&quot; -- from the artist&apos;s website, accessed 3/29/2012</subfield>
      </datafield>
      <datafield ind1=' ' ind2=' ' tag='500'>
        <subfield code='a'>&quot;Four-color printed with flourescent inks substituted for process color. Printed on numerous papers including transparent stock, previously printed billboard images, discarded paper 26 individually-glued facsimiles of vintage photographs. Case bound.&quot; -- from the artist&apos;s website, accessed 3/29/2012</subfield>
      </datafield>
      <datafield ind1=' ' ind2=' ' tag='500'>
        <subfield code='a'>Condition: no library markings, in protective enclosure.</subfield>
      </datafield>
      <datafield ind1='1' ind2='0' tag='600'>
        <subfield code='a'>Ohtake, Shinro,</subfield>
        <subfield code='d'>1955-</subfield>
      </datafield>
      <datafield ind1='2' ind2='0' tag='611'>
        <subfield code='a'>Olympic Games</subfield>
        <subfield code='n'>(26th :</subfield>
        <subfield code='d'>1996 :</subfield>
        <subfield code='c'>Atlanta, Ga.)</subfield>
        <subfield code='v'>Pictorial works.</subfield>
      </datafield>
      <datafield ind1=' ' ind2='7' tag='650'>
        <subfield code='a'>Binding method</subfield>
        <subfield code='v'>Case binding.</subfield>
        <subfield code='2'>bkart</subfield>
      </datafield>
      <datafield ind1=' ' ind2='7' tag='650'>
        <subfield code='a'>Printing / production method</subfield>
        <subfield code='v'>Offset.</subfield>
        <subfield code='2'>bkart</subfield>
      </datafield>
      <datafield ind1=' ' ind2='0' tag='650'>
        <subfield code='a'>Olympics</subfield>
        <subfield code='v'>Pictorial works.</subfield>
      </datafield>
      <datafield ind1=' ' ind2='0' tag='651'>
        <subfield code='a'>Atlanta (Ga.)</subfield>
        <subfield code='x'>History.</subfield>
      </datafield>
      <datafield ind1=' ' ind2='0' tag='651'>
        <subfield code='a'>Atlanta (Ga.)</subfield>
        <subfield code='v'>Pictorial works.</subfield>
      </datafield>
      <datafield ind1=' ' ind2='7' tag='655'>
        <subfield code='a'>Artists&apos; books.</subfield>
        <subfield code='2'>lcgft</subfield>
      </datafield>
      <datafield ind1=' ' ind2='7' tag='655'>
        <subfield code='a'>Artists&apos; books</subfield>
        <subfield code='z'>United States.</subfield>
        <subfield code='2'>aat</subfield>
      </datafield>
      <datafield ind1='2' ind2=' ' tag='710'>
        <subfield code='a'>Nexus Press.</subfield>
      </datafield>
      <datafield ind1='2' ind2=' ' tag='710'>
        <subfield code='a'>Atlanta Committee for the Olympic Games.</subfield>
      </datafield>
      <datafield ind1=' ' ind2=' ' tag='907'>
        <subfield code='a'>b4266740</subfield>
      </datafield>
      <datafield ind1='9' ind2='1' tag='999'>
        <subfield code='i'>i5837256</subfield>
        <subfield code='l'>aart</subfield>
        <subfield code='s'>o</subfield>
        <subfield code='t'>78</subfield>
        <subfield code='c'>1</subfield>
        <subfield code='o'>4</subfield>
        <subfield code='b'>00022248355</subfield>
        <subfield code='p'>090</subfield>
        <subfield code='q'>|aN7433.4.O415 A8 1996</subfield>
      </datafield>
  </record>