
  <record>
    <leader>00000cam a2200277Ia 4500</leader>
      <controlfield tag='008'>900419s1988    gw a          001 0 ger d</controlfield>
      <controlfield tag='001'>20248865</controlfield>
      <controlfield tag='005'>19900614102458.3</controlfield>
      <datafield ind1=' ' ind2=' ' tag='020'>
        <subfield code='a'>3803010365</subfield>
      </datafield>
      <datafield ind1=' ' ind2=' ' tag='040'>
        <subfield code='a'>UBC</subfield>
        <subfield code='c'>UBC</subfield>
        <subfield code='d'>FUG</subfield>
        <subfield code='d'>NOC</subfield>
      </datafield>
      <datafield ind1=' ' ind2=' ' tag='043'>
        <subfield code='a'>e-gr---</subfield>
      </datafield>
      <datafield ind1='1' ind2=' ' tag='100'>
        <subfield code='a'>Traulos, Iōannēs N.,</subfield>
        <subfield code='d'>1908-1985.</subfield>
      </datafield>
      <datafield ind1='1' ind2='0' tag='245'>
        <subfield code='a'>Bildlexikon zur Topographie des antiken Attika /</subfield>
        <subfield code='c'>John Travlos.</subfield>
      </datafield>
      <datafield ind1=' ' ind2=' ' tag='260'>
        <subfield code='a'>Tübingen :</subfield>
        <subfield code='b'>E. Wasmuth,</subfield>
        <subfield code='c'>1988.</subfield>
      </datafield>
      <datafield ind1=' ' ind2=' ' tag='300'>
        <subfield code='a'>xv, 486 p. :</subfield>
        <subfield code='b'>ill. ;</subfield>
        <subfield code='c'>30 cm.</subfield>
      </datafield>
      <datafield ind1=' ' ind2=' ' tag='500'>
        <subfield code='a'>At head of title: Deutsches Archäologisches Institut.</subfield>
      </datafield>
      <datafield ind1=' ' ind2=' ' tag='500'>
        <subfield code='a'>Includes index.</subfield>
      </datafield>
      <datafield ind1=' ' ind2='0' tag='650'>
        <subfield code='a'>Architecture</subfield>
        <subfield code='z'>Greece</subfield>
        <subfield code='z'>Attikē.</subfield>
      </datafield>
      <datafield ind1=' ' ind2='0' tag='651'>
        <subfield code='a'>Attikē (Greece)</subfield>
        <subfield code='x'>Antiquities.</subfield>
      </datafield>
      <datafield ind1='2' ind2=' ' tag='710'>
        <subfield code='a'>Deutsches Archäologisches Institut.</subfield>
      </datafield>
      <datafield ind1=' ' ind2=' ' tag='907'>
        <subfield code='a'>b2313790</subfield>
      </datafield>
      <datafield ind1='9' ind2='1' tag='999'>
        <subfield code='i'>i3329655</subfield>
        <subfield code='l'>dddb</subfield>
        <subfield code='s'>-</subfield>
        <subfield code='t'>0</subfield>
        <subfield code='c'>1</subfield>
        <subfield code='o'>13</subfield>
        <subfield code='b'>00005302692</subfield>
        <subfield code='p'>090</subfield>
        <subfield code='q'>|aDF261.A8 T731 1988</subfield>
      </datafield>
  </record>