
  <record>
    <leader>00000nam  22003618a 4500</leader>
      <controlfield tag='006'>m||||||||d |||||||</controlfield>
      <controlfield tag='008'>110225s2011||||enk     o     ||1 0|eng|d</controlfield>
      <controlfield tag='007'>cr |||||||||||</controlfield>
      <controlfield tag='001'>CR9781139032599</controlfield>
      <controlfield tag='003'>UkCbUP</controlfield>
      <controlfield tag='005'>20120618050302.0</controlfield>
      <datafield ind1=' ' ind2=' ' tag='020'>
        <subfield code='a'>9781139032599 (ebook)</subfield>
      </datafield>
      <datafield ind1=' ' ind2=' ' tag='020'>
        <subfield code='z'>9780521764797 (hardback)</subfield>
      </datafield>
      <datafield ind1=' ' ind2=' ' tag='040'>
        <subfield code='a'>UkCbUP</subfield>
        <subfield code='c'>UkCbUP</subfield>
      </datafield>
      <datafield ind1=' ' ind2=' ' tag='050'>
        <subfield code='a'>DJK51b.S545 2011</subfield>
      </datafield>
      <datafield ind1='0' ind2=' ' tag='082'>
        <subfield code='a'>325.47222</subfield>
      </datafield>
      <datafield ind1='1' ind2=' ' tag='100'>
        <subfield code='a'>Shevel, Oxana.</subfield>
      </datafield>
      <datafield ind1='1' ind2='0' tag='245'>
        <subfield code='a'>Migration, Refugee Policy, and State Building in Postcommunist Europe</subfield>
        <subfield code='h'>[electronic resource]. /</subfield>
        <subfield code='c'>Oxana Shevel.</subfield>
      </datafield>
      <datafield ind1=' ' ind2=' ' tag='260'>
        <subfield code='a'>Cambridge :</subfield>
        <subfield code='b'>Cambridge University Press,</subfield>
        <subfield code='c'>2011</subfield>
      </datafield>
      <datafield ind1=' ' ind2=' ' tag='300'>
        <subfield code='a'>1 online resource (304 p.)</subfield>
      </datafield>
      <datafield ind1=' ' ind2=' ' tag='500'>
        <subfield code='a'>Title from publishers bibliographic system (viewed on 18 Jun 2012).</subfield>
      </datafield>
      <datafield ind1='1' ind2=' ' tag='506'>
        <subfield code='a'>Access limited to UNC Chapel Hill-authenticated users.</subfield>
        <subfield code='f'>Unlimited simultaneous users</subfield>
      </datafield>
      <datafield ind1=' ' ind2='0' tag='650'>
        <subfield code='a'>Post-communism</subfield>
        <subfield code='z'>Europe, Eastern</subfield>
        <subfield code='y'>1989-</subfield>
        <subfield code='v'>Case studies.</subfield>
      </datafield>
      <datafield ind1=' ' ind2='0' tag='650'>
        <subfield code='a'>Refugees</subfield>
        <subfield code='x'>Government policy</subfield>
        <subfield code='z'>Former communist countries</subfield>
        <subfield code='v'>Case studies.</subfield>
      </datafield>
      <datafield ind1=' ' ind2='0' tag='650'>
        <subfield code='a'>Nationalism</subfield>
        <subfield code='z'>Former communist countries</subfield>
        <subfield code='v'>Case studies.</subfield>
      </datafield>
      <datafield ind1=' ' ind2='0' tag='650'>
        <subfield code='a'>Political science.</subfield>
        <subfield code='2'>bisacsh.</subfield>
      </datafield>
      <datafield ind1='0' ind2=' ' tag='773'>
        <subfield code='t'>Cambridge University Press ebooks (online collection). 2012 retrospective</subfield>
      </datafield>
      <datafield ind1='0' ind2='8' tag='776'>
        <subfield code='i'>Print version:</subfield>
        <subfield code='z'>9780521764797</subfield>
      </datafield>
      <datafield ind1='4' ind2='0' tag='856'>
        <subfield code='y'>Full text available via the UNC-Chapel Hill Libraries</subfield>
        <subfield code='u'>http://libproxy.lib.unc.edu/login?url=http://ebooks.cambridge.org/ebook.jsf?bid=CBO9781139032599</subfield>
        <subfield code='x'>Cambridge University Press ebook</subfield>
      </datafield>
      <datafield ind1=' ' ind2=' ' tag='907'>
        <subfield code='a'>b7147543</subfield>
      </datafield>
  </record>