
  <record>
    <leader>00000cam  2200289Ia 4500</leader>
      <controlfield tag='008'>910312s1991    nyua     b    000 0 eng d</controlfield>
      <controlfield tag='001'>23189080</controlfield>
      <controlfield tag='005'>19910312000000.0</controlfield>
      <datafield ind1=' ' ind2=' ' tag='010'>
        <subfield code='a'>91060355</subfield>
      </datafield>
      <datafield ind1=' ' ind2=' ' tag='040'>
        <subfield code='a'>DSK</subfield>
        <subfield code='c'>DSK</subfield>
        <subfield code='d'>NDO</subfield>
      </datafield>
      <datafield ind1='0' ind2='0' tag='245'>
        <subfield code='a'>Understanding financial statements, 1991 :</subfield>
        <subfield code='b'>accounting for lawyers, a satellite program /</subfield>
        <subfield code='c'>chair, Vincent J. Love.</subfield>
      </datafield>
      <datafield ind1=' ' ind2=' ' tag='260'>
        <subfield code='a'>New York, NY (810 7th Ave., New York 10019) :</subfield>
        <subfield code='b'>Practising Law Institute,</subfield>
        <subfield code='c'>1991.</subfield>
      </datafield>
      <datafield ind1=' ' ind2=' ' tag='300'>
        <subfield code='a'>424 p. :</subfield>
        <subfield code='b'>ill. ;</subfield>
        <subfield code='c'>22 cm.</subfield>
      </datafield>
      <datafield ind1=' ' ind2=' ' tag='500'>
        <subfield code='a'>&quot;B4-6959.&quot;</subfield>
      </datafield>
      <datafield ind1=' ' ind2=' ' tag='500'>
        <subfield code='a'>&quot;Prepared for distribution at the Understanding Financial Statements: Accounting for Lawyers Satellite Program, March 7, 1991.&quot; -- p.5.</subfield>
      </datafield>
      <datafield ind1=' ' ind2=' ' tag='500'>
        <subfield code='a'>&quot;This course handbook was authored and edited by Terry Lloyd and Vincent J. Love.&quot; -- p.5.</subfield>
      </datafield>
      <datafield ind1=' ' ind2=' ' tag='504'>
        <subfield code='a'>Includes bibliographical references.</subfield>
      </datafield>
      <datafield ind1=' ' ind2='0' tag='650'>
        <subfield code='a'>Financial statements</subfield>
        <subfield code='z'>United States.</subfield>
      </datafield>
      <datafield ind1=' ' ind2='0' tag='650'>
        <subfield code='a'>Accounting</subfield>
        <subfield code='z'>United States.</subfield>
      </datafield>
      <datafield ind1='1' ind2=' ' tag='700'>
        <subfield code='a'>Love, Vincent J.</subfield>
      </datafield>
      <datafield ind1='1' ind2=' ' tag='700'>
        <subfield code='a'>Lloyd, Terry.</subfield>
      </datafield>
      <datafield ind1='2' ind2=' ' tag='710'>
        <subfield code='a'>Practising Law Institute.</subfield>
      </datafield>
      <datafield ind1=' ' ind2='0' tag='830'>
        <subfield code='a'>Corporate law and practice course handbook series ;</subfield>
        <subfield code='v'>no. 724.</subfield>
      </datafield>
      <datafield ind1=' ' ind2=' ' tag='907'>
        <subfield code='a'>b2383191</subfield>
      </datafield>
      <datafield ind1='9' ind2='1' tag='999'>
        <subfield code='i'>i3424841</subfield>
        <subfield code='l'>ksta</subfield>
        <subfield code='s'>-</subfield>
        <subfield code='t'>0</subfield>
        <subfield code='c'>1</subfield>
        <subfield code='o'>0</subfield>
        <subfield code='b'>L00015567O</subfield>
        <subfield code='p'>090</subfield>
        <subfield code='q'>|aHF5681.B2 U43 1991</subfield>
      </datafield>
  </record>