
  <record>
    <leader>00000cam a2200229Ia 4500</leader>
      <controlfield tag='008'>750822s1965    dcu          f000 0 eng  </controlfield>
      <controlfield tag='001'>1562443</controlfield>
      <controlfield tag='005'>19990504194804.0</controlfield>
      <datafield ind1=' ' ind2=' ' tag='010'>
        <subfield code='a'>65062096</subfield>
      </datafield>
      <datafield ind1=' ' ind2=' ' tag='040'>
        <subfield code='a'>DLC</subfield>
        <subfield code='c'>FUB</subfield>
        <subfield code='d'>NDO</subfield>
      </datafield>
      <datafield ind1='1' ind2=' ' tag='110'>
        <subfield code='a'>United States.</subfield>
        <subfield code='b'>Administrative Office of the United States Courts.</subfield>
        <subfield code='b'>Probation Division.</subfield>
      </datafield>
      <datafield ind1='1' ind2='4' tag='245'>
        <subfield code='a'>The presentence investigation report /</subfield>
        <subfield code='c'>[Principal author: Victor H. Evjen, assistant chief]</subfield>
      </datafield>
      <datafield ind1=' ' ind2=' ' tag='250'>
        <subfield code='a'>[Rev. ed.]</subfield>
      </datafield>
      <datafield ind1=' ' ind2=' ' tag='260'>
        <subfield code='a'>Washington, D.C. :</subfield>
        <subfield code='b'>For sale by the Superintendent of Documents [U.S. Govt. Print. Off.,</subfield>
        <subfield code='c'>1965]</subfield>
      </datafield>
      <datafield ind1=' ' ind2=' ' tag='300'>
        <subfield code='a'>xii, 39 p. ;</subfield>
        <subfield code='c'>26 cm.</subfield>
      </datafield>
      <datafield ind1=' ' ind2='0' tag='650'>
        <subfield code='a'>Sentences (Criminal procedure)</subfield>
        <subfield code='z'>United States.</subfield>
      </datafield>
      <datafield ind1='1' ind2=' ' tag='700'>
        <subfield code='a'>Evjen, Victor H.</subfield>
        <subfield code='q'>(Victor Harald)</subfield>
      </datafield>
      <datafield ind1=' ' ind2='0' tag='830'>
        <subfield code='a'>Publication (United States. Administrative Office of the United States Courts) ;</subfield>
        <subfield code='v'>103.</subfield>
      </datafield>
      <datafield ind1=' ' ind2=' ' tag='907'>
        <subfield code='a'>b3226698</subfield>
      </datafield>
      <datafield ind1='9' ind2='2' tag='999'>
        <subfield code='a'>c14086361</subfield>
        <subfield code='b'>kdoc</subfield>
        <subfield code='c'>0</subfield>
      </datafield>
      <datafield ind1='9' ind2='3' tag='999'>
        <subfield code='0'>c14086361</subfield>
        <subfield code='2'>852</subfield>
        <subfield code='3'>c</subfield>
        <subfield code='z'>Library has: other copy on microfiche.</subfield>
      </datafield>
  </record>