
  <record>
    <leader>00000cam a22002898a 4500</leader>
      <controlfield tag='008'>850723s1985    nyu      b    000 0 eng  </controlfield>
      <controlfield tag='001'>11434671</controlfield>
      <controlfield tag='005'>19850723000000.0</controlfield>
      <datafield ind1=' ' ind2=' ' tag='010'>
        <subfield code='a'>83048284</subfield>
      </datafield>
      <datafield ind1=' ' ind2=' ' tag='020'>
        <subfield code='a'>0824090357 (alk. paper)</subfield>
      </datafield>
      <datafield ind1=' ' ind2=' ' tag='040'>
        <subfield code='a'>DLC</subfield>
        <subfield code='c'>DLC</subfield>
        <subfield code='d'>NOC</subfield>
      </datafield>
      <datafield ind1='0' ind2=' ' tag='082'>
        <subfield code='a'>232.9</subfield>
        <subfield code='2'>19</subfield>
      </datafield>
      <datafield ind1='1' ind2=' ' tag='100'>
        <subfield code='a'>Kissinger, Warren S.,</subfield>
        <subfield code='d'>1922-2008.</subfield>
      </datafield>
      <datafield ind1='1' ind2='4' tag='245'>
        <subfield code='a'>The lives of Jesus :</subfield>
        <subfield code='b'>a history and bibliography /</subfield>
        <subfield code='c'>Warren S. Kissinger.</subfield>
      </datafield>
      <datafield ind1=' ' ind2=' ' tag='260'>
        <subfield code='a'>New York :</subfield>
        <subfield code='b'>Garland,</subfield>
        <subfield code='c'>1985.</subfield>
      </datafield>
      <datafield ind1=' ' ind2=' ' tag='300'>
        <subfield code='a'>xiii, 230 p. ;</subfield>
        <subfield code='c'>23 cm.</subfield>
      </datafield>
      <datafield ind1='0' ind2='0' tag='600'>
        <subfield code='a'>Jesus Christ</subfield>
        <subfield code='x'>History and criticism.</subfield>
      </datafield>
      <datafield ind1='0' ind2='0' tag='600'>
        <subfield code='a'>Jesus Christ</subfield>
        <subfield code='v'>Bibliography.</subfield>
      </datafield>
      <datafield ind1='0' ind2='0' tag='600'>
        <subfield code='a'>Jesus Christ</subfield>
        <subfield code='x'>Juvenile literature</subfield>
        <subfield code='v'>Bibliography.</subfield>
      </datafield>
      <datafield ind1=' ' ind2='0' tag='830'>
        <subfield code='a'>Garland reference library of the humanities ;</subfield>
        <subfield code='v'>v. 452.</subfield>
      </datafield>
      <datafield ind1=' ' ind2=' ' tag='907'>
        <subfield code='a'>b1999552</subfield>
      </datafield>
      <datafield ind1='9' ind2='1' tag='999'>
        <subfield code='i'>i2892537</subfield>
        <subfield code='l'>trln</subfield>
        <subfield code='s'>-</subfield>
        <subfield code='t'>0</subfield>
        <subfield code='c'>1</subfield>
        <subfield code='o'>10</subfield>
        <subfield code='b'>00002426306</subfield>
        <subfield code='p'>090</subfield>
        <subfield code='q'>|aBT301.9 .K57 1985</subfield>
      </datafield>
  </record>