
  <record>
    <leader>00000nam  22003017a 4500</leader>
      <controlfield tag='008'>910927s1991    dcu      f   f000 0 eng d</controlfield>
      <controlfield tag='001'>24464991</controlfield>
      <controlfield tag='005'>19910927155441.0</controlfield>
      <datafield ind1=' ' ind2=' ' tag='035'>
        <subfield code='a'>(GPO)91086389</subfield>
      </datafield>
      <datafield ind1=' ' ind2=' ' tag='040'>
        <subfield code='a'>GPO</subfield>
        <subfield code='c'>GPO</subfield>
        <subfield code='d'>DLC</subfield>
      </datafield>
      <datafield ind1=' ' ind2=' ' tag='074'>
        <subfield code='a'>329</subfield>
      </datafield>
      <datafield ind1='0' ind2=' ' tag='086'>
        <subfield code='a'>D 101.11:5-6115-293-20 P</subfield>
      </datafield>
      <datafield ind1='0' ind2='0' tag='245'>
        <subfield code='a'>Organizational maintenance repair parts and special tools lists :</subfield>
        <subfield code='b'>generator set, diesel engine, precise power, 100 kw, AC, 120/208V, 240/416V, 3 phase, 60-Hz, at 1,800 rpm, 83.3 kw, 120/208V, 240/416V, 3 phase, 50-Hz, at 1,500 rpm, skid mounted ....</subfield>
      </datafield>
      <datafield ind1='3' ind2=' ' tag='246'>
        <subfield code='a'>Generator set, diesel engine, precise power, 100 kw, AC, 120/208V ....</subfield>
      </datafield>
      <datafield ind1=' ' ind2=' ' tag='260'>
        <subfield code='a'>[Washington, DC :</subfield>
        <subfield code='b'>Headquarters, Dept. of the Army,</subfield>
        <subfield code='c'>1991]</subfield>
      </datafield>
      <datafield ind1=' ' ind2=' ' tag='300'>
        <subfield code='a'>1 v.</subfield>
      </datafield>
      <datafield ind1=' ' ind2=' ' tag='500'>
        <subfield code='a'>&quot;Reprint which includes current pages from change 1.&quot;</subfield>
      </datafield>
      <datafield ind1=' ' ind2=' ' tag='500'>
        <subfield code='a'>Shipping list no.: 91-634-P.</subfield>
      </datafield>
      <datafield ind1=' ' ind2=' ' tag='500'>
        <subfield code='a'>&quot;3 November 1969&quot;--P. i.</subfield>
      </datafield>
      <datafield ind1=' ' ind2='0' tag='650'>
        <subfield code='a'>Electric generators</subfield>
        <subfield code='x'>Maintenance and repair</subfield>
        <subfield code='v'>Handbooks, manuals, etc.</subfield>
      </datafield>
      <datafield ind1=' ' ind2='0' tag='650'>
        <subfield code='a'>Diesel motor</subfield>
        <subfield code='x'>Maintenance and repair</subfield>
        <subfield code='v'>Handbooks, manuals, etc.</subfield>
      </datafield>
      <datafield ind1='1' ind2=' ' tag='710'>
        <subfield code='a'>United States.</subfield>
        <subfield code='b'>Department of the Army.</subfield>
      </datafield>
      <datafield ind1=' ' ind2='0' tag='830'>
        <subfield code='a'>Department of the Army technical manual ;</subfield>
        <subfield code='v'>TM 5-6115-293-20 P.</subfield>
      </datafield>
      <datafield ind1=' ' ind2=' ' tag='907'>
        <subfield code='a'>b3435125</subfield>
      </datafield>
      <datafield ind1='9' ind2='1' tag='999'>
        <subfield code='i'>i4859495</subfield>
        <subfield code='l'>dcpf</subfield>
        <subfield code='s'>-</subfield>
        <subfield code='t'>20</subfield>
        <subfield code='c'>1</subfield>
        <subfield code='o'>0</subfield>
        <subfield code='b'>00019563697</subfield>
        <subfield code='p'>086</subfield>
        <subfield code='q'>|aD 101.11:5-6115-293-20 P</subfield>
      </datafield>
  </record>