
  <record>
    <leader>00000cas  2200265Ia 4500</leader>
      <controlfield tag='008'>880617d19081922oncar        f0    0enge </controlfield>
      <controlfield tag='001'>3886307</controlfield>
      <controlfield tag='005'>19880617000000.0</controlfield>
      <datafield ind1=' ' ind2=' ' tag='010'>
        <subfield code='a'>gs 15000483 //r</subfield>
      </datafield>
      <datafield ind1=' ' ind2=' ' tag='040'>
        <subfield code='a'>DLC</subfield>
        <subfield code='c'>SUC</subfield>
        <subfield code='d'>SUC</subfield>
        <subfield code='d'>HUL</subfield>
        <subfield code='d'>m/c</subfield>
        <subfield code='d'>NYG</subfield>
        <subfield code='d'>NOC</subfield>
      </datafield>
      <datafield ind1='0' ind2='0' tag='245'>
        <subfield code='a'>Summary report on Mines Branch investigations</subfield>
        <subfield code='h'>[serial] /</subfield>
        <subfield code='c'>Canada Department of Mines, Mines Branch.</subfield>
      </datafield>
      <datafield ind1=' ' ind2=' ' tag='260'>
        <subfield code='a'>Ottawa :</subfield>
        <subfield code='b'>Department of Mines, Mines Branch,</subfield>
        <subfield code='c'>1907/08-1922.</subfield>
      </datafield>
      <datafield ind1=' ' ind2=' ' tag='300'>
        <subfield code='a'>16 v. in 14 :</subfield>
        <subfield code='b'>ill., fold. maps ;</subfield>
        <subfield code='c'>25 cm.</subfield>
      </datafield>
      <datafield ind1='0' ind2=' ' tag='362'>
        <subfield code='a'>1907/08-1922.</subfield>
      </datafield>
      <datafield ind1=' ' ind2=' ' tag='500'>
        <subfield code='a'>Issued 1907/08-1919 in the Sessional papers of the Parliament.</subfield>
      </datafield>
      <datafield ind1=' ' ind2=' ' tag='500'>
        <subfield code='a'>Title varies slightly.</subfield>
      </datafield>
      <datafield ind1=' ' ind2=' ' tag='515'>
        <subfield code='a'>Report year for 1907/08 ends Mar. 31; for 1908-22, Dec. 31.</subfield>
      </datafield>
      <datafield ind1=' ' ind2=' ' tag='580'>
        <subfield code='a'>Continued in part by: Investigations in ceramics and road materials; Investigations of fuels and fuel testing; Investigations of mineral resources and the mining industry; and, Investigations in ore dressing and metallurgy.</subfield>
      </datafield>
      <datafield ind1=' ' ind2='0' tag='650'>
        <subfield code='a'>Mines and mineral resources</subfield>
        <subfield code='z'>Canada</subfield>
        <subfield code='v'>Periodicals.</subfield>
      </datafield>
      <datafield ind1='1' ind2=' ' tag='710'>
        <subfield code='a'>Canada.</subfield>
        <subfield code='b'>Mines Branch.</subfield>
      </datafield>
      <datafield ind1='0' ind2='0' tag='780'>
        <subfield code='t'>Report of the Superintendent of Mines</subfield>
      </datafield>
      <datafield ind1='1' ind2='1' tag='785'>
        <subfield code='t'>Investigations in ceramics and road materials</subfield>
        <subfield code='w'>(OCoLC)1309549</subfield>
      </datafield>
      <datafield ind1='1' ind2='1' tag='785'>
        <subfield code='t'>Investigations of fuels and fuel testing</subfield>
        <subfield code='w'>(OCoLC)1302569</subfield>
      </datafield>
      <datafield ind1='1' ind2='1' tag='785'>
        <subfield code='t'>Investigations of mineral resources and the mining industry</subfield>
        <subfield code='w'>(OCoLC)1309561</subfield>
      </datafield>
      <datafield ind1='1' ind2='1' tag='785'>
        <subfield code='t'>Investigations in ore dressing and metallurgy</subfield>
      </datafield>
      <datafield ind1=' ' ind2=' ' tag='907'>
        <subfield code='a'>b1533171</subfield>
      </datafield>
      <datafield ind1='9' ind2='1' tag='999'>
        <subfield code='i'>i2162610</subfield>
        <subfield code='l'>trln</subfield>
        <subfield code='s'>-</subfield>
        <subfield code='t'>3</subfield>
        <subfield code='c'>1</subfield>
        <subfield code='o'>0</subfield>
        <subfield code='b'>00038763686</subfield>
        <subfield code='p'>090</subfield>
        <subfield code='q'>|aTN26|b.A33</subfield>
        <subfield code='v'>1907/1908</subfield>
      </datafield>
      <datafield ind1='9' ind2='1' tag='999'>
        <subfield code='i'>i2162611</subfield>
        <subfield code='l'>trln</subfield>
        <subfield code='s'>-</subfield>
        <subfield code='t'>3</subfield>
        <subfield code='c'>1</subfield>
        <subfield code='o'>0</subfield>
        <subfield code='b'>00038763677</subfield>
        <subfield code='p'>090</subfield>
        <subfield code='q'>|aTN26|b.A33</subfield>
        <subfield code='v'>1910-1912</subfield>
      </datafield>
      <datafield ind1='9' ind2='1' tag='999'>
        <subfield code='i'>i2162612</subfield>
        <subfield code='l'>trln</subfield>
        <subfield code='s'>-</subfield>
        <subfield code='t'>3</subfield>
        <subfield code='c'>1</subfield>
        <subfield code='o'>0</subfield>
        <subfield code='b'>00038763668</subfield>
        <subfield code='p'>090</subfield>
        <subfield code='q'>|aTN26|b.A33</subfield>
        <subfield code='v'>1913-1914</subfield>
      </datafield>
      <datafield ind1='9' ind2='1' tag='999'>
        <subfield code='i'>i8400744</subfield>
        <subfield code='l'>trln</subfield>
        <subfield code='s'>-</subfield>
        <subfield code='t'>3</subfield>
        <subfield code='c'>1</subfield>
        <subfield code='o'>0</subfield>
        <subfield code='b'>00038763659</subfield>
        <subfield code='p'>090</subfield>
        <subfield code='q'>|aTN26|b.A33</subfield>
        <subfield code='v'>1915-1918</subfield>
      </datafield>
      <datafield ind1='9' ind2='1' tag='999'>
        <subfield code='i'>i8400745</subfield>
        <subfield code='l'>trln</subfield>
        <subfield code='s'>-</subfield>
        <subfield code='t'>3</subfield>
        <subfield code='c'>1</subfield>
        <subfield code='o'>0</subfield>
        <subfield code='b'>00038763640</subfield>
        <subfield code='p'>090</subfield>
        <subfield code='q'>|aTN26|b.A33</subfield>
        <subfield code='v'>1920-1922</subfield>
      </datafield>
      <datafield ind1='9' ind2='2' tag='999'>
        <subfield code='a'>c1521203</subfield>
        <subfield code='b'>trln</subfield>
        <subfield code='c'>0</subfield>
      </datafield>
      <datafield ind1='9' ind2='3' tag='999'>
        <subfield code='0'>c1521203</subfield>
        <subfield code='2'>852</subfield>
        <subfield code='3'>c</subfield>
        <subfield code='b'>555541</subfield>
        <subfield code='h'>TN26</subfield>
        <subfield code='i'>.A33</subfield>
        <subfield code='x'>Tr 10/98 fr Geology</subfield>
        <subfield code='x'>Previously converted record</subfield>
      </datafield>
      <datafield ind1='9' ind2='3' tag='999'>
        <subfield code='0'>c1521203</subfield>
        <subfield code='2'>853</subfield>
        <subfield code='3'>y</subfield>
        <subfield code='8'>1</subfield>
        <subfield code='a'>(year)</subfield>
      </datafield>
      <datafield ind1='9' ind2='3' tag='999'>
        <subfield code='0'>c1521203</subfield>
        <subfield code='2'>863</subfield>
        <subfield code='3'>h</subfield>
        <subfield code='8'>1.1</subfield>
        <subfield code='a'>1907/1908</subfield>
        <subfield code='w'>g</subfield>
      </datafield>
      <datafield ind1='9' ind2='3' tag='999'>
        <subfield code='0'>c1521203</subfield>
        <subfield code='2'>863</subfield>
        <subfield code='3'>h</subfield>
        <subfield code='8'>1.2</subfield>
        <subfield code='a'>1910-1918</subfield>
        <subfield code='w'>g</subfield>
      </datafield>
      <datafield ind1='9' ind2='3' tag='999'>
        <subfield code='0'>c1521203</subfield>
        <subfield code='2'>863</subfield>
        <subfield code='3'>h</subfield>
        <subfield code='8'>1.3</subfield>
        <subfield code='a'>1920-1922</subfield>
      </datafield>
  </record>