
  <record>
    <leader>00000cam  2200265 a 4500</leader>
      <controlfield tag='008'>041019s2005    enk    f b    001 0 eng  </controlfield>
      <controlfield tag='001'>57355050</controlfield>
      <controlfield tag='003'>OCoLC</controlfield>
      <controlfield tag='005'>20050613043737.0</controlfield>
      <datafield ind1=' ' ind2=' ' tag='015'>
        <subfield code='a'>GBA491840</subfield>
        <subfield code='2'>bnb</subfield>
      </datafield>
      <datafield ind1='7' ind2=' ' tag='016'>
        <subfield code='a'>013070137</subfield>
        <subfield code='2'>Uk</subfield>
      </datafield>
      <datafield ind1=' ' ind2=' ' tag='020'>
        <subfield code='a'>185043798X (hbk.)</subfield>
      </datafield>
      <datafield ind1=' ' ind2=' ' tag='035'>
        <subfield code='a'>(OCoLC)57355050</subfield>
      </datafield>
      <datafield ind1=' ' ind2=' ' tag='040'>
        <subfield code='a'>UKM</subfield>
        <subfield code='c'>UKM</subfield>
        <subfield code='d'>OCLCQ</subfield>
        <subfield code='d'>BWKUK</subfield>
      </datafield>
      <datafield ind1=' ' ind2=' ' tag='049'>
        <subfield code='a'>NOCC</subfield>
      </datafield>
      <datafield ind1=' ' ind2='4' tag='050'>
        <subfield code='a'>JN1129.L32</subfield>
        <subfield code='b'>W595 2005</subfield>
      </datafield>
      <datafield ind1='0' ind2='4' tag='082'>
        <subfield code='a'>324.2410709042</subfield>
        <subfield code='2'>22</subfield>
      </datafield>
      <datafield ind1='1' ind2=' ' tag='100'>
        <subfield code='a'>Worley, Matthew.</subfield>
      </datafield>
      <datafield ind1='1' ind2='0' tag='245'>
        <subfield code='a'>Labour inside the gate :</subfield>
        <subfield code='b'>a history of the British Labour Party between the wars /</subfield>
        <subfield code='c'>Matthew Worley.</subfield>
      </datafield>
      <datafield ind1=' ' ind2=' ' tag='260'>
        <subfield code='a'>London ;</subfield>
        <subfield code='a'>New York :</subfield>
        <subfield code='b'>I.B. Tauris ;</subfield>
        <subfield code='a'>New York :</subfield>
        <subfield code='b'>Distributed in the U.S. by St. Martin&apos;s Press,</subfield>
        <subfield code='c'>2005.</subfield>
      </datafield>
      <datafield ind1=' ' ind2=' ' tag='300'>
        <subfield code='a'>278 p. ;</subfield>
        <subfield code='c'>25 cm.</subfield>
      </datafield>
      <datafield ind1=' ' ind2=' ' tag='504'>
        <subfield code='a'>Includes bibliographical references (p. [256]-271) and index.</subfield>
      </datafield>
      <datafield ind1='2' ind2='0' tag='610'>
        <subfield code='a'>Labour Party (Great Britain)</subfield>
        <subfield code='x'>History.</subfield>
      </datafield>
      <datafield ind1=' ' ind2=' ' tag='907'>
        <subfield code='a'>b4734358</subfield>
      </datafield>
      <datafield ind1='9' ind2='1' tag='999'>
        <subfield code='i'>i6226438</subfield>
        <subfield code='l'>ddda</subfield>
        <subfield code='s'>-</subfield>
        <subfield code='t'>0</subfield>
        <subfield code='c'>1</subfield>
        <subfield code='o'>0</subfield>
        <subfield code='b'>00025013985</subfield>
        <subfield code='p'>050</subfield>
        <subfield code='q'>|aJN1129.L32|bW595 2005</subfield>
      </datafield>
  </record>