
  <record>
    <leader>00000caa  2200277I  4500</leader>
      <controlfield tag='008'>911104s1943    enk      b    000 0 eng c</controlfield>
      <controlfield tag='001'>12365328</controlfield>
      <controlfield tag='005'>19921028084034.8</controlfield>
      <datafield ind1=' ' ind2=' ' tag='010'>
        <subfield code='a'>a  43002864</subfield>
      </datafield>
      <datafield ind1=' ' ind2=' ' tag='040'>
        <subfield code='a'>Wisconsin. Univ. Libr.</subfield>
        <subfield code='c'>CSH</subfield>
        <subfield code='d'>CSH</subfield>
      </datafield>
      <datafield ind1='1' ind2=' ' tag='050'>
        <subfield code='a'>AS122</subfield>
        <subfield code='b'>.L5 vol. 26</subfield>
      </datafield>
      <datafield ind1='1' ind2=' ' tag='100'>
        <subfield code='a'>Grierson, Herbert John Clifford,</subfield>
        <subfield code='c'>Sir,</subfield>
        <subfield code='d'>1866-1960.</subfield>
      </datafield>
      <datafield ind1='1' ind2='0' tag='245'>
        <subfield code='a'>Thomas Carlyle /</subfield>
        <subfield code='c'>by Herbert J. C. Grierson.</subfield>
      </datafield>
      <datafield ind1=' ' ind2=' ' tag='260'>
        <subfield code='a'>London :</subfield>
        <subfield code='b'>Henry Frowde, Oxford University Press,</subfield>
        <subfield code='c'>[1943]</subfield>
      </datafield>
      <datafield ind1=' ' ind2=' ' tag='300'>
        <subfield code='a'>p. [301]-325 ;</subfield>
        <subfield code='c'>26 cm.</subfield>
      </datafield>
      <datafield ind1=' ' ind2=' ' tag='500'>
        <subfield code='a'>&quot;Read 4 December 1940.&quot;</subfield>
      </datafield>
      <datafield ind1='1' ind2='0' tag='600'>
        <subfield code='a'>Carlyle, Thomas,</subfield>
        <subfield code='d'>1795-1881.</subfield>
      </datafield>
      <datafield ind1=' ' ind2='0' tag='830'>
        <subfield code='a'>Annual lecture on a master mind ;</subfield>
        <subfield code='v'>1940.</subfield>
      </datafield>
      <datafield ind1=' ' ind2='0' tag='830'>
        <subfield code='a'>Proceedings of the British Academy ;</subfield>
        <subfield code='v'>26.</subfield>
      </datafield>
      <datafield ind1=' ' ind2=' ' tag='907'>
        <subfield code='a'>b2051905</subfield>
      </datafield>
      <datafield ind1='9' ind2='1' tag='999'>
        <subfield code='i'>i8410442</subfield>
        <subfield code='l'>ddof</subfield>
        <subfield code='s'>-</subfield>
        <subfield code='t'>0</subfield>
        <subfield code='c'>1</subfield>
        <subfield code='o'>0</subfield>
        <subfield code='b'>00037303934</subfield>
        <subfield code='p'>090</subfield>
        <subfield code='q'>|aAS122|b.L5 v. 26, 1940</subfield>
        <subfield code='v'>v.26(1940)</subfield>
      </datafield>
  </record>