
  <record>
    <leader>00000caa  2200289K  4500</leader>
      <controlfield tag='008'>      s1992    xx            000 00eng d</controlfield>
      <controlfield tag='001'>B-14171-8</controlfield>
      <datafield ind1=' ' ind2=' ' tag='019'>
        <subfield code='o'>B-14171-8</subfield>
      </datafield>
      <datafield ind1=' ' ind2=' ' tag='040'>
        <subfield code='a'>CPC</subfield>
        <subfield code='c'>CPC</subfield>
      </datafield>
      <datafield ind1='0' ind2='0' tag='245'>
        <subfield code='a'>Health economic issues relevant to countries with aging populations /</subfield>
        <subfield code='c'>Reiner Leidl.</subfield>
      </datafield>
      <datafield ind1=' ' ind2=' ' tag='500'>
        <subfield code='a'>ADDED9303</subfield>
      </datafield>
      <datafield ind1=' ' ind2=' ' tag='504'>
        <subfield code='a'>References: p. 108.</subfield>
      </datafield>
      <datafield ind1=' ' ind2=' ' tag='691'>
        <subfield code='a'>Germany, Federal Republic of</subfield>
      </datafield>
      <datafield ind1=' ' ind2=' ' tag='691'>
        <subfield code='a'>Western Europe*</subfield>
      </datafield>
      <datafield ind1=' ' ind2=' ' tag='691'>
        <subfield code='a'>Europe*</subfield>
      </datafield>
      <datafield ind1='1' ind2=' ' tag='700'>
        <subfield code='a'>Leidl, Reiner.</subfield>
      </datafield>
      <datafield ind1='0' ind2=' ' tag='773'>
        <subfield code='t'>World Health Statistics Quarterly,</subfield>
        <subfield code='g'>45(1), 1992, p. 95-108</subfield>
      </datafield>
      <datafield ind1=' ' ind2=' ' tag='907'>
        <subfield code='a'>b4711440</subfield>
      </datafield>
      <datafield ind1='9' ind2='1' tag='999'>
        <subfield code='i'>i6209720</subfield>
        <subfield code='l'>xccc</subfield>
        <subfield code='s'>-</subfield>
        <subfield code='t'>0</subfield>
        <subfield code='c'>1</subfield>
        <subfield code='o'>0</subfield>
        <subfield code='b'>CPC20012198</subfield>
        <subfield code='p'>090</subfield>
        <subfield code='q'>|aHB885.3 .C3D445</subfield>
      </datafield>
  </record>