
  <record>
    <leader>00000cam  2200265 a 4500</leader>
      <controlfield tag='008'>980508s1998    gw a     b    001 0 eng  </controlfield>
      <controlfield tag='001'>39235618</controlfield>
      <controlfield tag='005'>19980922102615.0</controlfield>
      <datafield ind1=' ' ind2=' ' tag='010'>
        <subfield code='a'>98022160</subfield>
      </datafield>
      <datafield ind1=' ' ind2=' ' tag='020'>
        <subfield code='a'>3540645381 (pbk. : acid-free paper)</subfield>
      </datafield>
      <datafield ind1=' ' ind2=' ' tag='040'>
        <subfield code='a'>DLC</subfield>
        <subfield code='c'>DLC</subfield>
        <subfield code='d'>NOC</subfield>
      </datafield>
      <datafield ind1='0' ind2='0' tag='050'>
        <subfield code='a'>QA3</subfield>
        <subfield code='b'>.L28 no. 1689</subfield>
        <subfield code='a'>QA564</subfield>
      </datafield>
      <datafield ind1='0' ind2='0' tag='082'>
        <subfield code='a'>510 s</subfield>
        <subfield code='a'>516.3/53</subfield>
        <subfield code='2'>21</subfield>
      </datafield>
      <datafield ind1='1' ind2=' ' tag='100'>
        <subfield code='a'>Fulton, William,</subfield>
        <subfield code='d'>1939-</subfield>
      </datafield>
      <datafield ind1='1' ind2='0' tag='245'>
        <subfield code='a'>Schubert varieties and degeneracy loci /</subfield>
        <subfield code='c'>William Fulton, Piotr Pragacz.</subfield>
      </datafield>
      <datafield ind1=' ' ind2=' ' tag='260'>
        <subfield code='a'>Berlin ;</subfield>
        <subfield code='a'>New York :</subfield>
        <subfield code='b'>Springer,</subfield>
        <subfield code='c'>c1998.</subfield>
      </datafield>
      <datafield ind1=' ' ind2=' ' tag='300'>
        <subfield code='a'>ix, 148 p. :</subfield>
        <subfield code='b'>ill. ;</subfield>
        <subfield code='c'>24 cm.</subfield>
      </datafield>
      <datafield ind1=' ' ind2=' ' tag='500'>
        <subfield code='a'>Notes from summer school lectures held June 19-23, 1995, in Thurnau, Germany.</subfield>
      </datafield>
      <datafield ind1=' ' ind2=' ' tag='504'>
        <subfield code='a'>Includes bibliographical references (p. [139]-142) and indexes.</subfield>
      </datafield>
      <datafield ind1=' ' ind2='0' tag='650'>
        <subfield code='a'>Schubert varieties.</subfield>
      </datafield>
      <datafield ind1=' ' ind2='0' tag='650'>
        <subfield code='a'>Intersection theory.</subfield>
      </datafield>
      <datafield ind1=' ' ind2='0' tag='650'>
        <subfield code='a'>Vector bundles.</subfield>
      </datafield>
      <datafield ind1='1' ind2=' ' tag='700'>
        <subfield code='a'>Pragacz, Piotr.</subfield>
      </datafield>
      <datafield ind1=' ' ind2='0' tag='830'>
        <subfield code='a'>Lecture notes in mathematics (Springer-Verlag) ;</subfield>
        <subfield code='v'>1689.</subfield>
      </datafield>
      <datafield ind1=' ' ind2=' ' tag='907'>
        <subfield code='a'>b3167790</subfield>
      </datafield>
      <datafield ind1='9' ind2='1' tag='999'>
        <subfield code='i'>i4495485</subfield>
        <subfield code='l'>bbla</subfield>
        <subfield code='s'>-</subfield>
        <subfield code='t'>0</subfield>
        <subfield code='c'>1</subfield>
        <subfield code='o'>15</subfield>
        <subfield code='d'>20170821</subfield>
        <subfield code='b'>00015098779</subfield>
        <subfield code='p'>090</subfield>
        <subfield code='q'>|aQA3|b.L28 no. 1689</subfield>
        <subfield code='v'>no.1689</subfield>
      </datafield>
  </record>