
  <record>
    <leader>00000nam  2200181   4500</leader>
      <controlfield tag='008'>790922s1789    enk|||| a     00| ||eng d</controlfield>
      <controlfield tag='001'>M-ESTCT61877</controlfield>
      <controlfield tag='005'>19961112105141.0</controlfield>
      <datafield ind1=' ' ind2=' ' tag='040'>
        <subfield code='a'>Uk-ES</subfield>
        <subfield code='c'>Uk-ES</subfield>
        <subfield code='d'>CStRLIN</subfield>
        <subfield code='d'>ResP</subfield>
      </datafield>
      <datafield ind1='0' ind2=' ' tag='100'>
        <subfield code='a'>Observer of the times.</subfield>
      </datafield>
      <datafield ind1='1' ind2='2' tag='245'>
        <subfield code='a'>A diary of the royal tour in June, July, August, and September, 1789. Interspersed with anecdotes, poetry, and descriptions, historical, typographical, &amp;c. &amp;c. To which is added, that of their Highnesses the Prince of Wales, and Duke of York, to York, &amp;c. &amp;c. ... By an observer of the times</subfield>
        <subfield code='h'>[microform].</subfield>
      </datafield>
      <datafield ind1=' ' ind2=' ' tag='260'>
        <subfield code='a'>London :</subfield>
        <subfield code='b'>printed for and sold by J. Southern, and Scatcherd and Whitaker,</subfield>
        <subfield code='c'>1789.</subfield>
      </datafield>
      <datafield ind1=' ' ind2=' ' tag='300'>
        <subfield code='a'>[4],112;36p. ;</subfield>
        <subfield code='c'>8̕.</subfield>
      </datafield>
      <datafield ind1=' ' ind2=' ' tag='500'>
        <subfield code='a'>The &apos;Tour of their Royal Highnesses the Prince of Wales and Duke of York to York, &amp;c&apos; has a divisional titlepage, separate pagination and register.</subfield>
      </datafield>
      <datafield ind1=' ' ind2=' ' tag='533'>
        <subfield code='a'>Microfilm.</subfield>
        <subfield code='b'>Woodbridge, CT</subfield>
        <subfield code='c'>Research Publications, Inc.,</subfield>
        <subfield code='d'>1986.</subfield>
        <subfield code='e'>1 reel ; 35mm.</subfield>
        <subfield code='f'>(The Eighteenth Century ; reel 1460, no. 03).</subfield>
      </datafield>
      <datafield ind1=' ' ind2='0' tag='830'>
        <subfield code='a'>Eighteenth century ;</subfield>
        <subfield code='v'>reel 1460, no. 03.</subfield>
      </datafield>
      <datafield ind1=' ' ind2=' ' tag='907'>
        <subfield code='a'>b3877109</subfield>
      </datafield>
      <datafield ind1='9' ind2='1' tag='999'>
        <subfield code='i'>i5359631</subfield>
        <subfield code='l'>dgdaa</subfield>
        <subfield code='s'>-</subfield>
        <subfield code='t'>28</subfield>
        <subfield code='c'>1</subfield>
        <subfield code='o'>0</subfield>
        <subfield code='b'>HBDH-1528-00001</subfield>
        <subfield code='p'>099</subfield>
        <subfield code='q'>|a1-2586 reel 1460, no. 03</subfield>
      </datafield>
  </record>