
  <record>
    <leader>00000cam  22003258a 4500</leader>
      <controlfield tag='008'>010329s2001    oncab    b    001 0 eng d</controlfield>
      <controlfield tag='001'>46769697</controlfield>
      <controlfield tag='005'>20020311130112.0</controlfield>
      <datafield ind1=' ' ind2=' ' tag='020'>
        <subfield code='a'>0802043275 (cloth) :</subfield>
        <subfield code='c'>$55.00</subfield>
      </datafield>
      <datafield ind1=' ' ind2=' ' tag='020'>
        <subfield code='a'>0802081495 (pbk.) :</subfield>
        <subfield code='c'>$24.95</subfield>
      </datafield>
      <datafield ind1=' ' ind2=' ' tag='040'>
        <subfield code='a'>CaOTU</subfield>
        <subfield code='b'>eng</subfield>
        <subfield code='c'>NLC</subfield>
        <subfield code='d'>BUF</subfield>
        <subfield code='d'>NOC</subfield>
      </datafield>
      <datafield ind1=' ' ind2=' ' tag='043'>
        <subfield code='a'>n-cn---</subfield>
        <subfield code='a'>n-us---</subfield>
        <subfield code='a'>e------</subfield>
      </datafield>
      <datafield ind1=' ' ind2='4' tag='050'>
        <subfield code='a'>F1030</subfield>
        <subfield code='b'>.D43 2001</subfield>
      </datafield>
      <datafield ind1='0' ind2='0' tag='245'>
        <subfield code='a'>Decentring the Renaissance :</subfield>
        <subfield code='b'>Canada and Europe in multidisciplinary perspective, 1500-1700 /</subfield>
        <subfield code='c'>edited by Germaine Warkentin, Carolyn Podruchny.</subfield>
      </datafield>
      <datafield ind1=' ' ind2=' ' tag='260'>
        <subfield code='a'>Toronto ;</subfield>
        <subfield code='a'>Buffalo :</subfield>
        <subfield code='b'>University of Toronto Press,</subfield>
        <subfield code='c'>c2001.</subfield>
      </datafield>
      <datafield ind1=' ' ind2=' ' tag='300'>
        <subfield code='a'>xii, 387 p. :</subfield>
        <subfield code='b'>ill., maps ;</subfield>
        <subfield code='c'>24 cm.</subfield>
      </datafield>
      <datafield ind1=' ' ind2=' ' tag='500'>
        <subfield code='a'>Based on papers presented at a conference held at Victoria College, University of Toronto, in Mar. 1996.</subfield>
      </datafield>
      <datafield ind1=' ' ind2=' ' tag='504'>
        <subfield code='a'>Includes bibliographical references and index.</subfield>
      </datafield>
      <datafield ind1='0' ind2=' ' tag='505'>
        <subfield code='a'>Polarities, hybridities: what strategies for decentring? / Natalie Zemon Davis -- Inclusive and exclusive perceptions of difference: native and Euro-based concepts of time, history, and change / Deborah Doxtator -- Plunder or harmony?: On merging European and native views of early contact / Toby Morantz -- Memoria as the place of fabrication of the New World / Gilles Thérien -- The sixteenth-century French vision of empire: the other side of self-determination / Olive Patricia Dickason -- The mentality of the men behind sixteenth-century Spanish voyages to Terranova / Selma  Huxley Barkham -- Relocating Terra Firma: William Vaughn&apos;s Newfoundland / Anne Lake Prescott -- Images of English origins in Newfoundland and Roanoke / Mary C. Fuller -- From the good savage to the degenerate Indian: the Amerindian in the accounts of travel to America / Réal Ouellet with Mylene Tremblay -- Few, uncooperative, and ill informed?: The Roman Catholic clergy in French and British North America, 1610-1658 / Luca Codignola -- Canada in seventeenth-century Jesuit thought: backwater or opportunity? / Peter A. Goddard -- &apos;A new Loreto in New France&apos;: Pierre-Joseph-Marie Chaumonot, SJ, and the Holy House of Loreto / André Sanfac̦on -- The delights of nature in this New World: a seventeenth-century Canadian view of the environment / Lynn Berry -- The beginning of French exploration out of the St. Lawrence Valley: motives, methods, and changing attitudes towards native people / Conrad E. Heidenreich -- The earliest European encounters with Iroquoian languages / Wallace Chafe -- Decentring icons of history: exploring the archaeology of the Frobisher voyages and early European-Inuit contact / Réginald Auger ... [et al.] -- Sir William Phips and the decentring of empire in Northeastern North America, 1690-1694 / Emerson W. Baker and John G. Reid -- Amerindians and the horizon of modernity / Denys Delâge and Jean-Philippe Warren.</subfield>
      </datafield>
      <datafield ind1=' ' ind2='0' tag='650'>
        <subfield code='a'>Indians of North America</subfield>
        <subfield code='x'>First contact with Europeans</subfield>
        <subfield code='z'>Canada</subfield>
        <subfield code='v'>Congresses.</subfield>
      </datafield>
      <datafield ind1=' ' ind2='0' tag='650'>
        <subfield code='a'>Renaissance</subfield>
        <subfield code='v'>Congresses.</subfield>
      </datafield>
      <datafield ind1=' ' ind2='0' tag='651'>
        <subfield code='a'>Canada</subfield>
        <subfield code='x'>Discovery and exploration</subfield>
        <subfield code='v'>Congresses.</subfield>
      </datafield>
      <datafield ind1=' ' ind2='0' tag='651'>
        <subfield code='a'>America</subfield>
        <subfield code='x'>Discovery and exploration</subfield>
        <subfield code='v'>Congresses.</subfield>
      </datafield>
      <datafield ind1=' ' ind2='0' tag='651'>
        <subfield code='a'>Canada</subfield>
        <subfield code='x'>Civilization</subfield>
        <subfield code='x'>European influences</subfield>
        <subfield code='v'>Congresses.</subfield>
      </datafield>
      <datafield ind1=' ' ind2='0' tag='651'>
        <subfield code='a'>Europe</subfield>
        <subfield code='x'>Civilization</subfield>
        <subfield code='x'>Canadian influences</subfield>
        <subfield code='v'>Congresses.</subfield>
      </datafield>
      <datafield ind1=' ' ind2='0' tag='651'>
        <subfield code='a'>Canada</subfield>
        <subfield code='x'>Civilization</subfield>
        <subfield code='y'>17th century</subfield>
        <subfield code='v'>Congresses.</subfield>
      </datafield>
      <datafield ind1='1' ind2=' ' tag='700'>
        <subfield code='a'>Warkentin, Germaine.</subfield>
      </datafield>
      <datafield ind1='1' ind2=' ' tag='700'>
        <subfield code='a'>Podruchny, Carolyn.</subfield>
      </datafield>
      <datafield ind1=' ' ind2=' ' tag='907'>
        <subfield code='a'>b4106931</subfield>
      </datafield>
      <datafield ind1='9' ind2='1' tag='999'>
        <subfield code='i'>i5641421</subfield>
        <subfield code='l'>ddda</subfield>
        <subfield code='s'>-</subfield>
        <subfield code='t'>0</subfield>
        <subfield code='c'>1</subfield>
        <subfield code='o'>2</subfield>
        <subfield code='b'>00020633717</subfield>
        <subfield code='p'>090</subfield>
        <subfield code='q'>|aF1030 .D43 2001</subfield>
      </datafield>
  </record>