
  <record>
    <leader>00000cam  22003374a 4500</leader>
      <controlfield tag='008'>060126s2006    enk      b    001 0 eng  </controlfield>
      <controlfield tag='001'>63297996</controlfield>
      <controlfield tag='003'>OCoLC</controlfield>
      <controlfield tag='005'>20061005102431.0</controlfield>
      <datafield ind1=' ' ind2=' ' tag='010'>
        <subfield code='a'>2006042267</subfield>
      </datafield>
      <datafield ind1=' ' ind2=' ' tag='015'>
        <subfield code='a'>GBA628137</subfield>
        <subfield code='2'>bnb</subfield>
      </datafield>
      <datafield ind1='7' ind2=' ' tag='016'>
        <subfield code='a'>013415381</subfield>
        <subfield code='2'>Uk</subfield>
      </datafield>
      <datafield ind1=' ' ind2=' ' tag='020'>
        <subfield code='a'>1403986290 (cloth)</subfield>
      </datafield>
      <datafield ind1='3' ind2=' ' tag='024'>
        <subfield code='a'>9781403986290</subfield>
      </datafield>
      <datafield ind1=' ' ind2=' ' tag='040'>
        <subfield code='a'>DLC</subfield>
        <subfield code='c'>DLC</subfield>
        <subfield code='d'>BAKER</subfield>
        <subfield code='d'>BWKUK</subfield>
        <subfield code='d'>UKM</subfield>
        <subfield code='d'>IXA</subfield>
        <subfield code='d'>COO</subfield>
      </datafield>
      <datafield ind1=' ' ind2=' ' tag='042'>
        <subfield code='a'>pcc</subfield>
      </datafield>
      <datafield ind1=' ' ind2=' ' tag='049'>
        <subfield code='a'>NOCC</subfield>
      </datafield>
      <datafield ind1='0' ind2='0' tag='050'>
        <subfield code='a'>B4377</subfield>
        <subfield code='b'>.T73 2006</subfield>
      </datafield>
      <datafield ind1='0' ind2='0' tag='082'>
        <subfield code='a'>198/.9</subfield>
        <subfield code='2'>22</subfield>
      </datafield>
      <datafield ind1='1' ind2=' ' tag='100'>
        <subfield code='a'>Tsakiri, Vasiliki,</subfield>
        <subfield code='d'>1974-</subfield>
      </datafield>
      <datafield ind1='1' ind2='0' tag='245'>
        <subfield code='a'>Kierkegaard :</subfield>
        <subfield code='b'>anxiety, repetition and contemporaneity /</subfield>
        <subfield code='c'>Vasiliki Tsakiri.</subfield>
      </datafield>
      <datafield ind1=' ' ind2=' ' tag='260'>
        <subfield code='a'>Basingstoke [England] ;</subfield>
        <subfield code='a'>New York :</subfield>
        <subfield code='b'>Palgrave Macmillan,</subfield>
        <subfield code='c'>2006.</subfield>
      </datafield>
      <datafield ind1=' ' ind2=' ' tag='300'>
        <subfield code='a'>xii, 203 p. ;</subfield>
        <subfield code='c'>23 cm.</subfield>
      </datafield>
      <datafield ind1=' ' ind2=' ' tag='504'>
        <subfield code='a'>Includes bibliographical references (p. 189-194) and index.</subfield>
      </datafield>
      <datafield ind1='1' ind2='0' tag='600'>
        <subfield code='a'>Kierkegaard, Søren,</subfield>
        <subfield code='d'>1813-1855.</subfield>
      </datafield>
      <datafield ind1=' ' ind2='0' tag='830'>
        <subfield code='a'>Renewing philosophy.</subfield>
      </datafield>
      <datafield ind1='4' ind2='8' tag='856'>
        <subfield code='3'>Table of contents only</subfield>
        <subfield code='u'>http://www.loc.gov/catdir/enhancements/fy0642/2006042267-t.html</subfield>
      </datafield>
      <datafield ind1=' ' ind2=' ' tag='907'>
        <subfield code='a'>b4902687</subfield>
      </datafield>
      <datafield ind1='9' ind2='1' tag='999'>
        <subfield code='i'>i6480394</subfield>
        <subfield code='l'>ddda</subfield>
        <subfield code='s'>-</subfield>
        <subfield code='t'>0</subfield>
        <subfield code='c'>1</subfield>
        <subfield code='o'>1</subfield>
        <subfield code='b'>00026748440</subfield>
        <subfield code='p'>050</subfield>
        <subfield code='q'>|aB4377|b.T73 2006</subfield>
      </datafield>
  </record>