
  <record>
    <leader>00000nam a2200337Ia 4500</leader>
      <controlfield tag='008'>130425s1994    nyu           000 1 eng d</controlfield>
      <controlfield tag='001'>840817338</controlfield>
      <controlfield tag='003'>OCoLC</controlfield>
      <controlfield tag='005'>20130425100658.0</controlfield>
      <datafield ind1=' ' ind2=' ' tag='035'>
        <subfield code='a'>(OCoLC)840817338</subfield>
      </datafield>
      <datafield ind1=' ' ind2=' ' tag='040'>
        <subfield code='a'>NOC</subfield>
        <subfield code='b'>eng</subfield>
        <subfield code='c'>NOC</subfield>
      </datafield>
      <datafield ind1='1' ind2=' ' tag='100'>
        <subfield code='a'>Buckstaff, Kathryn,</subfield>
        <subfield code='e'>author.</subfield>
      </datafield>
      <datafield ind1='1' ind2='0' tag='245'>
        <subfield code='a'>No one dies in Branson</subfield>
        <subfield code='h'>[proof] /</subfield>
        <subfield code='c'>Kathryn Buckstaff.</subfield>
      </datafield>
      <datafield ind1=' ' ind2=' ' tag='250'>
        <subfield code='a'>[Advance proof ed.]</subfield>
      </datafield>
      <datafield ind1=' ' ind2=' ' tag='260'>
        <subfield code='a'>New York :</subfield>
        <subfield code='b'>St. Martin&apos;s Press,</subfield>
        <subfield code='c'>1994.</subfield>
      </datafield>
      <datafield ind1=' ' ind2=' ' tag='300'>
        <subfield code='a'>200 p. ;</subfield>
        <subfield code='c'>22 cm.</subfield>
      </datafield>
      <datafield ind1=' ' ind2=' ' tag='500'>
        <subfield code='a'>An &quot;uncorrected proof&quot; of the first edition published in 1994.  Intended publication date July [1994].</subfield>
      </datafield>
      <datafield ind1=' ' ind2=' ' tag='500'>
        <subfield code='a'>&quot;A Thomas Dunne book&quot;--T.p. verso.</subfield>
      </datafield>
      <datafield ind1=' ' ind2=' ' tag='520'>
        <subfield code='a'>In a small Missouri town, a young singer falls to her death from a balcony during a country music festival after giving her sugar daddy his walking papers. Reporter Emily Stone investigates the &quot;accident.&quot;</subfield>
      </datafield>
      <datafield ind1=' ' ind2='0' tag='650'>
        <subfield code='a'>Country musicians</subfield>
        <subfield code='v'>Fiction.</subfield>
      </datafield>
      <datafield ind1=' ' ind2='0' tag='651'>
        <subfield code='a'>Branson (Mo.)</subfield>
        <subfield code='v'>Fiction.</subfield>
      </datafield>
      <datafield ind1=' ' ind2='7' tag='655'>
        <subfield code='a'>Proofs (Printing)</subfield>
        <subfield code='z'>New York (State)</subfield>
        <subfield code='z'>New York</subfield>
        <subfield code='y'>20th century.</subfield>
        <subfield code='2'>rbpri</subfield>
      </datafield>
      <datafield ind1=' ' ind2='7' tag='655'>
        <subfield code='a'>Mystery fiction.</subfield>
        <subfield code='2'>gsafd</subfield>
      </datafield>
      <datafield ind1=' ' ind2=' ' tag='907'>
        <subfield code='a'>b7389767</subfield>
      </datafield>
      <datafield ind1='9' ind2='1' tag='999'>
        <subfield code='i'>i9970121</subfield>
        <subfield code='l'>wadb</subfield>
        <subfield code='s'>o</subfield>
        <subfield code='t'>0</subfield>
        <subfield code='c'>1</subfield>
        <subfield code='o'>0</subfield>
        <subfield code='b'>00038150286</subfield>
        <subfield code='p'>090</subfield>
        <subfield code='q'>|aPS3552.U3453|bN6</subfield>
        <subfield code='n'>Typed letter from the publisher about the review copy--Laid in.</subfield>
      </datafield>
  </record>