
  <record>
    <leader>00000nam a2200313Ia 4500</leader>
      <controlfield tag='008'>051117s2005    ru       b    100 0 rusod</controlfield>
      <controlfield tag='001'>123343353</controlfield>
      <controlfield tag='003'>OCoLC</controlfield>
      <controlfield tag='005'>20070517111058.0</controlfield>
      <datafield ind1=' ' ind2=' ' tag='020'>
        <subfield code='a'>5020184969</subfield>
      </datafield>
      <datafield ind1=' ' ind2=' ' tag='020'>
        <subfield code='a'>9785020184961</subfield>
      </datafield>
      <datafield ind1=' ' ind2=' ' tag='035'>
        <subfield code='a'>(OCoLC)123343353</subfield>
      </datafield>
      <datafield ind1=' ' ind2=' ' tag='040'>
        <subfield code='a'>HLS</subfield>
        <subfield code='c'>HLS</subfield>
        <subfield code='d'>NOC</subfield>
      </datafield>
      <datafield ind1=' ' ind2=' ' tag='049'>
        <subfield code='a'>NOCC</subfield>
      </datafield>
      <datafield ind1='0' ind2='0' tag='245'>
        <subfield code='a'>︠T︡Siviliza︠t︡sionnye pro︠t︡sessy na Dalʹnem Vostoke :</subfield>
        <subfield code='b'>Mongoli︠i︡a i ee okruzhenie : materialy nauchnykh kruglykh stolov, Ulan-Udė, 2-4 okt︠i︡abr︠i︡a 2004 g. ; Moskva, 15 dekabr︠i︡a 2004 g. /</subfield>
        <subfield code='c'>[redkollegi︠i︡a A.S. Zhelezn︠i︡akov, K.B.-M. Mitupov].</subfield>
      </datafield>
      <datafield ind1=' ' ind2=' ' tag='260'>
        <subfield code='a'>Moskva :</subfield>
        <subfield code='b'>Izdatelʹska︠i︡a firma &quot;Vostochna︠i︡a literatura&quot; RAN,</subfield>
        <subfield code='c'>2005.</subfield>
      </datafield>
      <datafield ind1=' ' ind2=' ' tag='300'>
        <subfield code='a'>123 p. ;</subfield>
        <subfield code='c'>21 cm.</subfield>
      </datafield>
      <datafield ind1=' ' ind2=' ' tag='500'>
        <subfield code='a'>&quot;Nauchnoe izdanie&quot;--Colophon.</subfield>
      </datafield>
      <datafield ind1=' ' ind2=' ' tag='500'>
        <subfield code='a'>At head of title: Rossiĭska︠i︡a akademi︠i︡a nauk. Institut sravnitelʹnoĭ politologii. Bur︠i︡atskiĭ gosudarstvennyĭ universitet.</subfield>
      </datafield>
      <datafield ind1=' ' ind2=' ' tag='504'>
        <subfield code='a'>Includes bibliographical references.</subfield>
      </datafield>
      <datafield ind1=' ' ind2='0' tag='651'>
        <subfield code='a'>Mongolia</subfield>
        <subfield code='x'>Civilization</subfield>
        <subfield code='v'>Congresses.</subfield>
      </datafield>
      <datafield ind1=' ' ind2='0' tag='651'>
        <subfield code='a'>Buri͡atii͡a (Russia)</subfield>
        <subfield code='x'>Civilization</subfield>
        <subfield code='v'>Congresses.</subfield>
      </datafield>
      <datafield ind1='1' ind2=' ' tag='700'>
        <subfield code='a'>Zhelezni͡akov, A. S.</subfield>
        <subfield code='q'>(Aleksandr Sergeevich)</subfield>
      </datafield>
      <datafield ind1='1' ind2=' ' tag='700'>
        <subfield code='a'>Mitupov, K. B-M.</subfield>
        <subfield code='q'>(Konstantin Bato-Munkich)</subfield>
      </datafield>
      <datafield ind1=' ' ind2=' ' tag='907'>
        <subfield code='a'>b4857307</subfield>
      </datafield>
      <datafield ind1='9' ind2='1' tag='999'>
        <subfield code='i'>i6793649</subfield>
        <subfield code='l'>ddda</subfield>
        <subfield code='s'>-</subfield>
        <subfield code='t'>0</subfield>
        <subfield code='c'>1</subfield>
        <subfield code='o'>1</subfield>
        <subfield code='b'>00027115764</subfield>
        <subfield code='p'>090</subfield>
        <subfield code='q'>|aDS798.5|b.T85 2005</subfield>
      </datafield>
  </record>