
  <record>
    <leader>00000cam a2200421 a 4500</leader>
      <controlfield tag='008'>061107s2006    fr       b    000 0 fre c</controlfield>
      <controlfield tag='001'>76784726</controlfield>
      <controlfield tag='003'>OCoLC</controlfield>
      <controlfield tag='005'>20080806022928.0</controlfield>
      <datafield ind1=' ' ind2=' ' tag='020'>
        <subfield code='a'>2742762922</subfield>
      </datafield>
      <datafield ind1=' ' ind2=' ' tag='020'>
        <subfield code='a'>9782742762927</subfield>
      </datafield>
      <datafield ind1=' ' ind2=' ' tag='035'>
        <subfield code='a'>(OCoLC)76784726</subfield>
      </datafield>
      <datafield ind1=' ' ind2=' ' tag='040'>
        <subfield code='a'>TZT</subfield>
        <subfield code='c'>TZT</subfield>
        <subfield code='d'>AUXAM</subfield>
        <subfield code='d'>COD</subfield>
        <subfield code='d'>LVB</subfield>
      </datafield>
      <datafield ind1=' ' ind2=' ' tag='042'>
        <subfield code='a'>pcc</subfield>
      </datafield>
      <datafield ind1=' ' ind2=' ' tag='043'>
        <subfield code='a'>e-fr---</subfield>
      </datafield>
      <datafield ind1=' ' ind2=' ' tag='049'>
        <subfield code='a'>NOCC</subfield>
      </datafield>
      <datafield ind1=' ' ind2='4' tag='050'>
        <subfield code='a'>PN2635</subfield>
        <subfield code='b'>.V58 2006</subfield>
      </datafield>
      <datafield ind1=' ' ind2='7' tag='072'>
        <subfield code='a'>PN</subfield>
        <subfield code='2'>lcco</subfield>
      </datafield>
      <datafield ind1='1' ind2='4' tag='082'>
        <subfield code='a'>790</subfield>
        <subfield code='2'>1</subfield>
      </datafield>
      <datafield ind1='1' ind2=' ' tag='100'>
        <subfield code='a'>Vitez, Antoine.</subfield>
      </datafield>
      <datafield ind1='1' ind2='0' tag='245'>
        <subfield code='a'>Antoine Vitez /</subfield>
        <subfield code='c'>introduction et choix de textes par Nathalie Léger.</subfield>
      </datafield>
      <datafield ind1=' ' ind2=' ' tag='250'>
        <subfield code='a'>1re éd.</subfield>
      </datafield>
      <datafield ind1=' ' ind2=' ' tag='260'>
        <subfield code='a'>Arles :</subfield>
        <subfield code='b'>Actes sud ;</subfield>
        <subfield code='a'>[Paris?] :</subfield>
        <subfield code='b'>Conservatoire national supérieur d&apos;art dramatique,</subfield>
        <subfield code='c'>c2006.</subfield>
      </datafield>
      <datafield ind1=' ' ind2=' ' tag='300'>
        <subfield code='a'>131, [1] p. ;</subfield>
        <subfield code='c'>19 cm.</subfield>
      </datafield>
      <datafield ind1=' ' ind2=' ' tag='504'>
        <subfield code='a'>Includes bibliographical references (p. 131-[132]).</subfield>
      </datafield>
      <datafield ind1=' ' ind2='0' tag='650'>
        <subfield code='a'>Theater</subfield>
        <subfield code='x'>Production and direction</subfield>
        <subfield code='z'>France.</subfield>
      </datafield>
      <datafield ind1=' ' ind2='0' tag='650'>
        <subfield code='a'>Theater</subfield>
        <subfield code='z'>France</subfield>
        <subfield code='x'>History</subfield>
        <subfield code='y'>20th century.</subfield>
      </datafield>
      <datafield ind1=' ' ind2='0' tag='650'>
        <subfield code='a'>French drama</subfield>
        <subfield code='x'>History and criticism.</subfield>
      </datafield>
      <datafield ind1='1' ind2=' ' tag='700'>
        <subfield code='a'>Léger, Nathalie.</subfield>
      </datafield>
      <datafield ind1=' ' ind2='0' tag='830'>
        <subfield code='a'>Actes sud-Papiers (Series)</subfield>
      </datafield>
      <datafield ind1=' ' ind2='0' tag='830'>
        <subfield code='a'>Mettre en scène.</subfield>
      </datafield>
      <datafield ind1=' ' ind2=' ' tag='907'>
        <subfield code='a'>b5175517</subfield>
      </datafield>
      <datafield ind1='9' ind2='1' tag='999'>
        <subfield code='i'>i7452728</subfield>
        <subfield code='l'>ddda</subfield>
        <subfield code='s'>-</subfield>
        <subfield code='t'>0</subfield>
        <subfield code='c'>1</subfield>
        <subfield code='o'>0</subfield>
        <subfield code='b'>00029278594</subfield>
        <subfield code='p'>050</subfield>
        <subfield code='q'>|aPN2635|b.V58 2006</subfield>
      </datafield>
  </record>