
  <record>
    <leader>00000nam  2200469Ia 4500</leader>
      <controlfield tag='008'>101202s1984    inua    bb   f000 0 eng d</controlfield>
      <controlfield tag='007'>he bmb024bbca</controlfield>
      <controlfield tag='001'>688597110   </controlfield>
      <controlfield tag='003'>OCoLC</controlfield>
      <controlfield tag='005'>20101202082926.0</controlfield>
      <datafield ind1=' ' ind2=' ' tag='037'>
        <subfield code='a'>N 84-23775</subfield>
        <subfield code='b'>NASA</subfield>
      </datafield>
      <datafield ind1=' ' ind2=' ' tag='040'>
        <subfield code='a'>GPO</subfield>
        <subfield code='c'>GPO</subfield>
        <subfield code='d'>MvI</subfield>
      </datafield>
      <datafield ind1=' ' ind2=' ' tag='074'>
        <subfield code='a'>0830-H-14 (MF)</subfield>
      </datafield>
      <datafield ind1='0' ind2=' ' tag='086'>
        <subfield code='a'>NAS 1.26:174644</subfield>
      </datafield>
      <datafield ind1=' ' ind2=' ' tag='088'>
        <subfield code='a'>DOE/NASA/0266-1</subfield>
      </datafield>
      <datafield ind1='1' ind2=' ' tag='100'>
        <subfield code='a'>Myers, G. D.</subfield>
      </datafield>
      <datafield ind1='1' ind2='0' tag='245'>
        <subfield code='a'>Flame propagation in heterogeneous mixtures of fuel drops and air</subfield>
        <subfield code='h'>[microform] /</subfield>
        <subfield code='c'>G.D. Myers and A.H. Lefebvre.</subfield>
      </datafield>
      <datafield ind1=' ' ind2=' ' tag='260'>
        <subfield code='a'>[West Lafayette, Ind.] :</subfield>
        <subfield code='b'>Purdue University,</subfield>
        <subfield code='c'>[1984]</subfield>
      </datafield>
      <datafield ind1=' ' ind2=' ' tag='300'>
        <subfield code='a'>53 p. :</subfield>
        <subfield code='b'>ill.</subfield>
      </datafield>
      <datafield ind1=' ' ind2=' ' tag='500'>
        <subfield code='a'>&quot;May 1984.&quot;</subfield>
      </datafield>
      <datafield ind1=' ' ind2=' ' tag='500'>
        <subfield code='a'>&quot;Prepared for National Aeronautics and Space Administration, Lewis Research Center under grant  NAG 3-266.&quot;</subfield>
      </datafield>
      <datafield ind1=' ' ind2=' ' tag='500'>
        <subfield code='a'>U.S. Department of Energy, Conservation and Renewable Eneergy, Office of Vehicle and Engine R&amp;D.</subfield>
      </datafield>
      <datafield ind1=' ' ind2=' ' tag='504'>
        <subfield code='a'>Includes bibliographical references (p. 50-51).</subfield>
      </datafield>
      <datafield ind1=' ' ind2=' ' tag='533'>
        <subfield code='a'>Microfiche.</subfield>
        <subfield code='b'>[Washington, D.C. :</subfield>
        <subfield code='c'>National Aeronautics and Space Administration],</subfield>
        <subfield code='d'>1984.</subfield>
        <subfield code='e'>1 microfiche.</subfield>
      </datafield>
      <datafield ind1=' ' ind2='7' tag='650'>
        <subfield code='a'>Chemical reactions.</subfield>
        <subfield code='2'>nasat</subfield>
      </datafield>
      <datafield ind1=' ' ind2='7' tag='650'>
        <subfield code='a'>Combustion.</subfield>
        <subfield code='2'>nasat</subfield>
      </datafield>
      <datafield ind1=' ' ind2='7' tag='650'>
        <subfield code='a'>Fuel injection.</subfield>
        <subfield code='2'>nasat</subfield>
      </datafield>
      <datafield ind1=' ' ind2='7' tag='650'>
        <subfield code='a'>Fuel oils.</subfield>
        <subfield code='2'>nasat</subfield>
      </datafield>
      <datafield ind1=' ' ind2='7' tag='650'>
        <subfield code='a'>Mixtures.</subfield>
        <subfield code='2'>nasat</subfield>
      </datafield>
      <datafield ind1=' ' ind2='7' tag='650'>
        <subfield code='a'>Particle size distribution.</subfield>
        <subfield code='2'>nasat</subfield>
      </datafield>
      <datafield ind1=' ' ind2='7' tag='650'>
        <subfield code='a'>Stoichiometry.</subfield>
        <subfield code='2'>nasat</subfield>
      </datafield>
      <datafield ind1='1' ind2=' ' tag='700'>
        <subfield code='a'>Lefebvre, Arthur H.</subfield>
        <subfield code='q'>(Arthur Henry),</subfield>
        <subfield code='d'>1923-2003.</subfield>
      </datafield>
      <datafield ind1='2' ind2=' ' tag='710'>
        <subfield code='a'>Purdue University.</subfield>
      </datafield>
      <datafield ind1='1' ind2=' ' tag='710'>
        <subfield code='a'>United States.</subfield>
        <subfield code='b'>Department of Energy.</subfield>
        <subfield code='b'>Office of Vehicle and Engine Research and Development.</subfield>
      </datafield>
      <datafield ind1='2' ind2=' ' tag='710'>
        <subfield code='a'>Lewis Research Center.</subfield>
      </datafield>
      <datafield ind1='0' ind2='8' tag='776'>
        <subfield code='i'>Paper version:</subfield>
        <subfield code='a'>Myers, G. D.</subfield>
        <subfield code='t'>Flame propagation in heterogeneous mixtures of fuel drops and air.</subfield>
        <subfield code='h'>53 p.</subfield>
        <subfield code='w'>(OCoLC)83011594</subfield>
      </datafield>
      <datafield ind1=' ' ind2='0' tag='830'>
        <subfield code='a'>NASA contractor report ;</subfield>
        <subfield code='v'>NASA CR-174644.</subfield>
      </datafield>
      <datafield ind1=' ' ind2=' ' tag='907'>
        <subfield code='a'>b6518864</subfield>
      </datafield>
      <datafield ind1='9' ind2='1' tag='999'>
        <subfield code='i'>i8545692</subfield>
        <subfield code='l'>dcpfb</subfield>
        <subfield code='s'>-</subfield>
        <subfield code='t'>20</subfield>
        <subfield code='c'>1</subfield>
        <subfield code='o'>0</subfield>
        <subfield code='p'>086</subfield>
        <subfield code='q'>|aNAS 1.26:174644</subfield>
      </datafield>
  </record>