
  <record>
    <leader>00000cam  2200133Ia 4500</leader>
      <controlfield tag='008'>920908s1903    stk           000 0 eng d</controlfield>
      <controlfield tag='001'>13073594</controlfield>
      <controlfield tag='005'>19920908000000.0</controlfield>
      <datafield ind1=' ' ind2=' ' tag='040'>
        <subfield code='a'>CUI</subfield>
        <subfield code='c'>CUI</subfield>
        <subfield code='d'>NOC</subfield>
      </datafield>
      <datafield ind1='1' ind2=' ' tag='100'>
        <subfield code='a'>Lumsden, James.</subfield>
      </datafield>
      <datafield ind1='1' ind2='0' tag='245'>
        <subfield code='a'>Toorle :</subfield>
        <subfield code='b'>a drama of farm life in the Lothians in five acts, and other pieces /</subfield>
        <subfield code='c'>by James Lumsden.</subfield>
      </datafield>
      <datafield ind1=' ' ind2=' ' tag='260'>
        <subfield code='a'>Edinburgh :</subfield>
        <subfield code='b'>Macdonald,</subfield>
        <subfield code='c'>1903.</subfield>
      </datafield>
      <datafield ind1=' ' ind2=' ' tag='300'>
        <subfield code='a'>xiii, 335 p. ;</subfield>
        <subfield code='c'>19 cm.</subfield>
      </datafield>
      <datafield ind1=' ' ind2=' ' tag='907'>
        <subfield code='a'>b2089539</subfield>
      </datafield>
      <datafield ind1='9' ind2='1' tag='999'>
        <subfield code='i'>i3020280</subfield>
        <subfield code='l'>trln</subfield>
        <subfield code='s'>-</subfield>
        <subfield code='t'>0</subfield>
        <subfield code='c'>1</subfield>
        <subfield code='o'>0</subfield>
        <subfield code='b'>00007569892</subfield>
        <subfield code='p'>090</subfield>
        <subfield code='q'>|aPR6023.U6 T66 1903</subfield>
      </datafield>
  </record>