
  <record>
    <leader>00000nam  2200313Ia 4500</leader>
      <controlfield tag='008'>831118s1669    enk           001 0 eng d</controlfield>
      <controlfield tag='001'>10142588</controlfield>
      <controlfield tag='003'>OCoLC</controlfield>
      <controlfield tag='005'>20070619040953.0</controlfield>
      <datafield ind1=' ' ind2=' ' tag='035'>
        <subfield code='a'>(OCoLC)10142588</subfield>
      </datafield>
      <datafield ind1=' ' ind2=' ' tag='040'>
        <subfield code='a'>GUB</subfield>
        <subfield code='c'>GUB</subfield>
        <subfield code='d'>NOC</subfield>
      </datafield>
      <datafield ind1=' ' ind2=' ' tag='043'>
        <subfield code='a'>e-uk---</subfield>
      </datafield>
      <datafield ind1=' ' ind2=' ' tag='049'>
        <subfield code='a'>NOCR</subfield>
      </datafield>
      <datafield ind1='1' ind2=' ' tag='100'>
        <subfield code='a'>Coke, Edward,</subfield>
        <subfield code='c'>Sir,</subfield>
        <subfield code='d'>1552-1634.</subfield>
      </datafield>
      <datafield ind1='1' ind2='4' tag='245'>
        <subfield code='a'>The fourth part of the Institutes of the lawes of England :</subfield>
        <subfield code='b'>concerning the jurisdiction of courts /</subfield>
        <subfield code='c'>authore Edw. Coke milite.</subfield>
      </datafield>
      <datafield ind1=' ' ind2=' ' tag='250'>
        <subfield code='a'>4th ed.,</subfield>
        <subfield code='b'>with an alphabetical table not heretofore printed.</subfield>
      </datafield>
      <datafield ind1=' ' ind2=' ' tag='260'>
        <subfield code='a'>London :</subfield>
        <subfield code='b'>Printed for A. Crooke [and 12 others],</subfield>
        <subfield code='c'>1669.</subfield>
      </datafield>
      <datafield ind1=' ' ind2=' ' tag='300'>
        <subfield code='a'>[10], 364, [35] p. ;</subfield>
        <subfield code='c'>30 cm.</subfield>
      </datafield>
      <datafield ind1=' ' ind2=' ' tag='504'>
        <subfield code='a'>Includes bibliographical references and index.</subfield>
      </datafield>
      <datafield ind1='4' ind2=' ' tag='510'>
        <subfield code='a'>Wing</subfield>
        <subfield code='c'>C4931</subfield>
      </datafield>
      <datafield ind1='4' ind2=' ' tag='510'>
        <subfield code='a'>ESTC</subfield>
        <subfield code='c'>R35651</subfield>
      </datafield>
      <datafield ind1=' ' ind2='0' tag='650'>
        <subfield code='a'>Courts</subfield>
        <subfield code='z'>Great Britain.</subfield>
      </datafield>
      <datafield ind1='1' ind2=' ' tag='700'>
        <subfield code='a'>Crooke, Andrew,</subfield>
        <subfield code='d'>-1674.</subfield>
      </datafield>
      <datafield ind1=' ' ind2=' ' tag='752'>
        <subfield code='a'>England and Wales</subfield>
        <subfield code='d'>London.</subfield>
      </datafield>
      <datafield ind1=' ' ind2=' ' tag='907'>
        <subfield code='a'>b5209927</subfield>
      </datafield>
      <datafield ind1='9' ind2='1' tag='999'>
        <subfield code='i'>i6824857</subfield>
        <subfield code='l'>wcdb</subfield>
        <subfield code='s'>o</subfield>
        <subfield code='t'>0</subfield>
        <subfield code='c'>1</subfield>
        <subfield code='o'>1</subfield>
        <subfield code='b'>00028216831</subfield>
        <subfield code='p'>090</subfield>
        <subfield code='q'>|aKD6850|b.C64 1669</subfield>
      </datafield>
      <datafield ind1='9' ind2='2' tag='999'>
        <subfield code='a'>c4679902</subfield>
        <subfield code='b'>wcdb</subfield>
        <subfield code='c'>0</subfield>
      </datafield>
      <datafield ind1='9' ind2='3' tag='999'>
        <subfield code='0'>c4679902</subfield>
        <subfield code='2'>852</subfield>
        <subfield code='3'>c</subfield>
        <subfield code='h'>KD6850</subfield>
        <subfield code='i'>.C64 1669</subfield>
      </datafield>
      <datafield ind1='9' ind2='3' tag='999'>
        <subfield code='0'>c4679902</subfield>
        <subfield code='2'>852</subfield>
        <subfield code='3'>e</subfield>
        <subfield code='t'>1</subfield>
        <subfield code='x'>rae</subfield>
      </datafield>
  </record>