
  <record>
    <leader>00000nam  2200313I  4500</leader>
      <controlfield tag='008'>810923s1929    nyu      b    000 0 eng  </controlfield>
      <controlfield tag='001'>7785019</controlfield>
      <controlfield tag='005'>20010824135435.0</controlfield>
      <datafield ind1=' ' ind2=' ' tag='010'>
        <subfield code='a'>29027671</subfield>
      </datafield>
      <datafield ind1=' ' ind2=' ' tag='040'>
        <subfield code='a'>DLC</subfield>
        <subfield code='c'>BUF</subfield>
        <subfield code='d'>BUF</subfield>
        <subfield code='d'>NOC</subfield>
      </datafield>
      <datafield ind1='0' ind2=' ' tag='050'>
        <subfield code='a'>QA11</subfield>
        <subfield code='b'>.M17 1929a</subfield>
      </datafield>
      <datafield ind1='1' ind2=' ' tag='100'>
        <subfield code='a'>McCormick, Clarence,</subfield>
        <subfield code='d'>1888-</subfield>
      </datafield>
      <datafield ind1='1' ind2='4' tag='245'>
        <subfield code='a'>The teaching of general mathematics in the secondary schools of the United States;</subfield>
        <subfield code='b'>a study of the development and present status of general mathematics,</subfield>
        <subfield code='c'>by Clarence McCormick.</subfield>
      </datafield>
      <datafield ind1='3' ind2=' ' tag='246'>
        <subfield code='a'>Mathematics in the secondary schools of the United States</subfield>
      </datafield>
      <datafield ind1=' ' ind2=' ' tag='260'>
        <subfield code='a'>New York city,</subfield>
        <subfield code='b'>Teachers college, Columbia university,</subfield>
        <subfield code='c'>1929.</subfield>
      </datafield>
      <datafield ind1=' ' ind2=' ' tag='300'>
        <subfield code='a'>3 p. leaves, 173 p.</subfield>
        <subfield code='c'>24 cm.</subfield>
      </datafield>
      <datafield ind1=' ' ind2=' ' tag='500'>
        <subfield code='a'>Published also as thesis (PH. D.) Columbia university.</subfield>
      </datafield>
      <datafield ind1=' ' ind2=' ' tag='504'>
        <subfield code='a'>&quot;Annotated bibliography&quot;: p. 153-161.</subfield>
      </datafield>
      <datafield ind1=' ' ind2='0' tag='650'>
        <subfield code='a'>Mathematics</subfield>
        <subfield code='x'>Study and teaching.</subfield>
      </datafield>
      <datafield ind1=' ' ind2='0' tag='830'>
        <subfield code='a'>Contributions to education ;</subfield>
        <subfield code='v'>no. 386.</subfield>
      </datafield>
      <datafield ind1=' ' ind2=' ' tag='907'>
        <subfield code='a'>b4036938</subfield>
      </datafield>
      <datafield ind1='9' ind2='1' tag='999'>
        <subfield code='i'>i5547597</subfield>
        <subfield code='l'>trln</subfield>
        <subfield code='s'>-</subfield>
        <subfield code='t'>0</subfield>
        <subfield code='c'>1</subfield>
        <subfield code='o'>0</subfield>
        <subfield code='b'>00026027736</subfield>
        <subfield code='p'>092</subfield>
        <subfield code='q'>|a375.51 M13t</subfield>
      </datafield>
      <datafield ind1='9' ind2='1' tag='999'>
        <subfield code='i'>i5547598</subfield>
        <subfield code='l'>trln</subfield>
        <subfield code='s'>-</subfield>
        <subfield code='t'>0</subfield>
        <subfield code='c'>2</subfield>
        <subfield code='o'>0</subfield>
        <subfield code='b'>00026027718</subfield>
        <subfield code='p'>092</subfield>
        <subfield code='q'>|a375.51 M13t</subfield>
        <subfield code='n'>Thesis ed.</subfield>
      </datafield>
  </record>