
  <record>
    <leader>00000cam  22004214a 4500</leader>
      <controlfield tag='008'>060808s2007    nyua     bc   001 0 eng  </controlfield>
      <controlfield tag='001'>70884949</controlfield>
      <controlfield tag='003'>OCoLC</controlfield>
      <controlfield tag='005'>20070629083004.0</controlfield>
      <datafield ind1=' ' ind2=' ' tag='010'>
        <subfield code='a'>2006025335</subfield>
      </datafield>
      <datafield ind1=' ' ind2=' ' tag='015'>
        <subfield code='a'>GBA700458</subfield>
        <subfield code='2'>bnb</subfield>
      </datafield>
      <datafield ind1='7' ind2=' ' tag='016'>
        <subfield code='a'>013633770</subfield>
        <subfield code='2'>Uk</subfield>
      </datafield>
      <datafield ind1=' ' ind2=' ' tag='020'>
        <subfield code='a'>0300111568 (cloth : alk. paper)</subfield>
      </datafield>
      <datafield ind1=' ' ind2=' ' tag='020'>
        <subfield code='a'>9780300111569 (cloth : alk. paper)</subfield>
      </datafield>
      <datafield ind1=' ' ind2=' ' tag='035'>
        <subfield code='a'>(OCoLC)70884949</subfield>
      </datafield>
      <datafield ind1=' ' ind2=' ' tag='040'>
        <subfield code='a'>DLC</subfield>
        <subfield code='c'>DLC</subfield>
        <subfield code='d'>BAKER</subfield>
        <subfield code='d'>UKM</subfield>
        <subfield code='d'>BTCTA</subfield>
        <subfield code='d'>C#P</subfield>
        <subfield code='d'>YDXCP</subfield>
      </datafield>
      <datafield ind1=' ' ind2=' ' tag='043'>
        <subfield code='a'>a-is---</subfield>
      </datafield>
      <datafield ind1=' ' ind2=' ' tag='049'>
        <subfield code='a'>NOCA</subfield>
      </datafield>
      <datafield ind1='0' ind2='0' tag='050'>
        <subfield code='a'>TR646.I76</subfield>
        <subfield code='b'>D38 2007</subfield>
      </datafield>
      <datafield ind1='0' ind2='0' tag='082'>
        <subfield code='a'>779.095694/0747471</subfield>
        <subfield code='2'>22</subfield>
      </datafield>
      <datafield ind1='0' ind2='0' tag='245'>
        <subfield code='a'>Dateline : Israel :</subfield>
        <subfield code='b'>new photography and video art /</subfield>
        <subfield code='c'>[edited by] Susan Tumarkin Goodman ; with essays by Andy Grundberg, Nissan N. Perez.</subfield>
      </datafield>
      <datafield ind1=' ' ind2=' ' tag='260'>
        <subfield code='a'>New York :</subfield>
        <subfield code='b'>Jewish Museum, under the auspices of the Jewish Theological Seminary of America ;</subfield>
        <subfield code='a'>New Haven :</subfield>
        <subfield code='b'>Yale University Press,</subfield>
        <subfield code='c'>c2007.</subfield>
      </datafield>
      <datafield ind1=' ' ind2=' ' tag='300'>
        <subfield code='a'>xiv, 104 p. :</subfield>
        <subfield code='b'>ill. (chiefly col.) ;</subfield>
        <subfield code='c'>25 x 28 cm.</subfield>
      </datafield>
      <datafield ind1=' ' ind2=' ' tag='500'>
        <subfield code='a'>Catalog of an exhibition of the same name organized by the Jewish Museum and presented from March 9 to August 5, 2007.</subfield>
      </datafield>
      <datafield ind1=' ' ind2=' ' tag='504'>
        <subfield code='a'>Includes bibliographical references (p. 97) and index.</subfield>
      </datafield>
      <datafield ind1='0' ind2=' ' tag='505'>
        <subfield code='a'>Foreword / Joan Rosenbaum -- Acknowledgments / Susan Tumarkin Goodman -- Beyond boundaries, within borders / Andy Grundberg -- Concerning life in Israel / Nissan N. Perez -- A matter of place / Susan Tumarkin Goodman -- Plates -- Artist biographies.</subfield>
      </datafield>
      <datafield ind1=' ' ind2='0' tag='650'>
        <subfield code='a'>Photography, Artistic</subfield>
        <subfield code='v'>Exhibitions.</subfield>
      </datafield>
      <datafield ind1=' ' ind2='0' tag='650'>
        <subfield code='a'>Photography</subfield>
        <subfield code='z'>Israel</subfield>
        <subfield code='v'>Exhibitions.</subfield>
      </datafield>
      <datafield ind1=' ' ind2='0' tag='650'>
        <subfield code='a'>Video art</subfield>
        <subfield code='z'>Israel</subfield>
        <subfield code='v'>Exhibitions.</subfield>
      </datafield>
      <datafield ind1='1' ind2=' ' tag='700'>
        <subfield code='a'>Goodman, Susan Tumarkin.</subfield>
      </datafield>
      <datafield ind1='1' ind2=' ' tag='700'>
        <subfield code='a'>Grundberg, Andy.</subfield>
      </datafield>
      <datafield ind1='1' ind2=' ' tag='700'>
        <subfield code='a'>Perez, Nissan.</subfield>
      </datafield>
      <datafield ind1='2' ind2=' ' tag='710'>
        <subfield code='a'>Jewish Museum (New York, N.Y.)</subfield>
      </datafield>
      <datafield ind1='4' ind2='8' tag='856'>
        <subfield code='3'>Table of contents only</subfield>
        <subfield code='u'>http://www.loc.gov/catdir/toc/ecip0618/2006025335.html</subfield>
      </datafield>
      <datafield ind1=' ' ind2=' ' tag='907'>
        <subfield code='a'>b5208108</subfield>
      </datafield>
      <datafield ind1='9' ind2='1' tag='999'>
        <subfield code='i'>i6827221</subfield>
        <subfield code='l'>aada</subfield>
        <subfield code='s'>-</subfield>
        <subfield code='t'>0</subfield>
        <subfield code='c'>1</subfield>
        <subfield code='o'>0</subfield>
        <subfield code='b'>00028001858</subfield>
        <subfield code='p'>050</subfield>
        <subfield code='q'>|aTR646.I76|bD38 2007</subfield>
      </datafield>
  </record>