
  <record>
    <leader>00000cam  22003737a 4500</leader>
      <controlfield tag='008'>091021s2009    bcc      b    001 0 eng  </controlfield>
      <controlfield tag='001'>318877094</controlfield>
      <controlfield tag='003'>OCoLC</controlfield>
      <controlfield tag='005'>20091202070002.2</controlfield>
      <datafield ind1=' ' ind2=' ' tag='010'>
        <subfield code='a'>2009512196</subfield>
      </datafield>
      <datafield ind1=' ' ind2=' ' tag='019'>
        <subfield code='a'>449277319</subfield>
      </datafield>
      <datafield ind1=' ' ind2=' ' tag='020'>
        <subfield code='a'>9780865716612 (pbk.)</subfield>
      </datafield>
      <datafield ind1=' ' ind2=' ' tag='020'>
        <subfield code='a'>0865716617 (pbk.)</subfield>
      </datafield>
      <datafield ind1=' ' ind2=' ' tag='035'>
        <subfield code='a'>(OCoLC)318877094</subfield>
        <subfield code='z'>(OCoLC)449277319</subfield>
      </datafield>
      <datafield ind1=' ' ind2=' ' tag='040'>
        <subfield code='a'>NLC</subfield>
        <subfield code='c'>NLC</subfield>
        <subfield code='d'>DLC</subfield>
        <subfield code='d'>BTCTA</subfield>
        <subfield code='d'>YDXCP</subfield>
        <subfield code='d'>BWX</subfield>
        <subfield code='d'>CDX</subfield>
        <subfield code='d'>C#P</subfield>
      </datafield>
      <datafield ind1=' ' ind2=' ' tag='042'>
        <subfield code='a'>lccopycat</subfield>
      </datafield>
      <datafield ind1=' ' ind2=' ' tag='043'>
        <subfield code='a'>n-us---</subfield>
      </datafield>
      <datafield ind1='0' ind2='0' tag='050'>
        <subfield code='a'>HQ1064.U5</subfield>
        <subfield code='b'>R67 2009</subfield>
      </datafield>
      <datafield ind1=' ' ind2='0' tag='055'>
        <subfield code='a'>HQ1064 U5</subfield>
        <subfield code='b'>R667 2009</subfield>
      </datafield>
      <datafield ind1='0' ind2='4' tag='082'>
        <subfield code='a'>305.260973</subfield>
        <subfield code='2'>22</subfield>
      </datafield>
      <datafield ind1='1' ind2=' ' tag='100'>
        <subfield code='a'>Roszak, Theodore,</subfield>
        <subfield code='d'>1933-2011.</subfield>
      </datafield>
      <datafield ind1='1' ind2='4' tag='245'>
        <subfield code='a'>The making of an elder culture :</subfield>
        <subfield code='b'>reflections on the future of America&apos;s most audacious generation /</subfield>
        <subfield code='c'>Theodore Roszak.</subfield>
      </datafield>
      <datafield ind1=' ' ind2=' ' tag='260'>
        <subfield code='a'>Gabriola Island, BC :</subfield>
        <subfield code='b'>New Society Publishers,</subfield>
        <subfield code='c'>c2009.</subfield>
      </datafield>
      <datafield ind1=' ' ind2=' ' tag='300'>
        <subfield code='a'>ix, 307 p. ;</subfield>
        <subfield code='c'>22 cm.</subfield>
      </datafield>
      <datafield ind1=' ' ind2=' ' tag='504'>
        <subfield code='a'>Includes bibliographical references (p. 295-300) and index.</subfield>
      </datafield>
      <datafield ind1=' ' ind2='0' tag='650'>
        <subfield code='a'>Population aging</subfield>
        <subfield code='z'>United States.</subfield>
      </datafield>
      <datafield ind1=' ' ind2='0' tag='650'>
        <subfield code='a'>Baby boom generation</subfield>
        <subfield code='z'>United States.</subfield>
      </datafield>
      <datafield ind1=' ' ind2='0' tag='650'>
        <subfield code='a'>Civilization, Modern</subfield>
        <subfield code='y'>21st century.</subfield>
      </datafield>
      <datafield ind1=' ' ind2='0' tag='651'>
        <subfield code='a'>United States</subfield>
        <subfield code='x'>Social conditions</subfield>
        <subfield code='y'>21st century.</subfield>
      </datafield>
      <datafield ind1=' ' ind2=' ' tag='907'>
        <subfield code='a'>b6043260</subfield>
      </datafield>
      <datafield ind1='9' ind2='1' tag='999'>
        <subfield code='i'>i8218868</subfield>
        <subfield code='l'>ddda</subfield>
        <subfield code='s'>-</subfield>
        <subfield code='t'>0</subfield>
        <subfield code='c'>2</subfield>
        <subfield code='o'>0</subfield>
        <subfield code='b'>00034104111</subfield>
        <subfield code='p'>050</subfield>
        <subfield code='q'>|aHQ1064.U5|bR67 2009</subfield>
      </datafield>
      <datafield ind1='9' ind2='1' tag='999'>
        <subfield code='i'>i7933654</subfield>
        <subfield code='l'>ddda</subfield>
        <subfield code='s'>-</subfield>
        <subfield code='t'>0</subfield>
        <subfield code='c'>1</subfield>
        <subfield code='o'>1</subfield>
        <subfield code='b'>00033745494</subfield>
        <subfield code='p'>050</subfield>
        <subfield code='q'>|aHQ1064.U5|bR67 2009</subfield>
      </datafield>
  </record>