
  <record>
    <leader>00000cam  2200301 a 4500</leader>
      <controlfield tag='008'>981028s1998    it       b    000 f ita  </controlfield>
      <controlfield tag='001'>45162257</controlfield>
      <controlfield tag='005'>20010226141319.0</controlfield>
      <datafield ind1=' ' ind2=' ' tag='010'>
        <subfield code='a'>00342068</subfield>
      </datafield>
      <datafield ind1=' ' ind2=' ' tag='020'>
        <subfield code='a'>880614944X</subfield>
      </datafield>
      <datafield ind1=' ' ind2=' ' tag='040'>
        <subfield code='a'>DLC</subfield>
        <subfield code='c'>DLC</subfield>
        <subfield code='d'>NOC</subfield>
      </datafield>
      <datafield ind1=' ' ind2=' ' tag='043'>
        <subfield code='a'>e-ci---</subfield>
      </datafield>
      <datafield ind1='0' ind2='0' tag='050'>
        <subfield code='a'>PQ4873.A248</subfield>
        <subfield code='b'>V47 1998</subfield>
      </datafield>
      <datafield ind1='0' ind2='0' tag='082'>
        <subfield code='a'>853/.914</subfield>
        <subfield code='2'>21</subfield>
      </datafield>
      <datafield ind1='1' ind2=' ' tag='100'>
        <subfield code='a'>Madieri, Marisa,</subfield>
        <subfield code='d'>1938-1996.</subfield>
      </datafield>
      <datafield ind1='1' ind2='0' tag='245'>
        <subfield code='a'>Verde acqua ;</subfield>
        <subfield code='b'>e La radura /</subfield>
        <subfield code='c'>Marisa Madieri ; [introduzione di Ermanno Paccagnini].</subfield>
      </datafield>
      <datafield ind1='3' ind2=' ' tag='246'>
        <subfield code='a'>Verde acqua ; e La radura</subfield>
      </datafield>
      <datafield ind1='3' ind2='0' tag='246'>
        <subfield code='a'>Radura</subfield>
      </datafield>
      <datafield ind1=' ' ind2=' ' tag='260'>
        <subfield code='a'>Torino :</subfield>
        <subfield code='b'>Einaudi,</subfield>
        <subfield code='c'>c1998.</subfield>
      </datafield>
      <datafield ind1=' ' ind2=' ' tag='300'>
        <subfield code='a'>xxiii, 233 p. ;</subfield>
        <subfield code='c'>20 cm.</subfield>
      </datafield>
      <datafield ind1=' ' ind2=' ' tag='504'>
        <subfield code='a'>&quot;Bibliografia degli scritti di Marisa Madieri&quot;: p. xxiii.</subfield>
      </datafield>
      <datafield ind1=' ' ind2='0' tag='650'>
        <subfield code='a'>Italians</subfield>
        <subfield code='z'>Croatia</subfield>
        <subfield code='z'>Rijeka</subfield>
        <subfield code='v'>Fiction.</subfield>
      </datafield>
      <datafield ind1=' ' ind2='0' tag='651'>
        <subfield code='a'>Rijeka (Croatia)</subfield>
        <subfield code='x'>History</subfield>
        <subfield code='v'>Fiction.</subfield>
      </datafield>
      <datafield ind1='0' ind2='2' tag='740'>
        <subfield code='a'>Radura.</subfield>
      </datafield>
      <datafield ind1=' ' ind2='0' tag='830'>
        <subfield code='a'>Einaudi tascabili ;</subfield>
        <subfield code='v'>547.</subfield>
      </datafield>
      <datafield ind1=' ' ind2='0' tag='830'>
        <subfield code='a'>Einaudi tascabili.</subfield>
        <subfield code='p'>Letteratura.</subfield>
      </datafield>
      <datafield ind1=' ' ind2=' ' tag='907'>
        <subfield code='a'>b3781788</subfield>
      </datafield>
      <datafield ind1='9' ind2='1' tag='999'>
        <subfield code='i'>i5254128</subfield>
        <subfield code='l'>ddda</subfield>
        <subfield code='s'>-</subfield>
        <subfield code='t'>0</subfield>
        <subfield code='c'>1</subfield>
        <subfield code='o'>1</subfield>
        <subfield code='b'>00018801129</subfield>
        <subfield code='p'>090</subfield>
        <subfield code='q'>|aPQ4873.A248 V47 1998</subfield>
      </datafield>
  </record>