
  <record>
    <leader>00000cam  2200205I  4500</leader>
      <controlfield tag='008'>910227s1934    xx            000 0 eng  </controlfield>
      <controlfield tag='001'>1355973</controlfield>
      <controlfield tag='005'>19910227000000.0</controlfield>
      <datafield ind1=' ' ind2=' ' tag='010'>
        <subfield code='a'>34002078</subfield>
      </datafield>
      <datafield ind1=' ' ind2=' ' tag='040'>
        <subfield code='c'>GUA</subfield>
        <subfield code='d'>m.c.</subfield>
      </datafield>
      <datafield ind1='0' ind2=' ' tag='050'>
        <subfield code='a'>PR5632</subfield>
        <subfield code='b'>.G8 1934</subfield>
      </datafield>
      <datafield ind1=' ' ind2=' ' tag='082'>
        <subfield code='a'>928.2</subfield>
        <subfield code='a'>[828.8]</subfield>
      </datafield>
      <datafield ind1='1' ind2=' ' tag='100'>
        <subfield code='a'>Gulliver, Harold Strong,</subfield>
        <subfield code='d'>1893-</subfield>
      </datafield>
      <datafield ind1='1' ind2='0' tag='245'>
        <subfield code='a'>Thackeray&apos;s literary apprenticeship;</subfield>
        <subfield code='b'>a study of the early newspaper and magazine work of William Makepeace Thackeray,</subfield>
        <subfield code='c'>including previously unknown poems, humorous sketches, art criticism, and book reviews, making material additions to the Thackeray bibliography.</subfield>
      </datafield>
      <datafield ind1=' ' ind2=' ' tag='260'>
        <subfield code='a'>Valdosta,</subfield>
        <subfield code='b'>[Southern Stationery and Printing Co.]</subfield>
        <subfield code='c'>1934.</subfield>
      </datafield>
      <datafield ind1=' ' ind2=' ' tag='300'>
        <subfield code='a'>266 p.</subfield>
        <subfield code='c'>26cm.</subfield>
      </datafield>
      <datafield ind1=' ' ind2=' ' tag='502'>
        <subfield code='a'>This book in its original form was a dissertaion, presented for the degree of doctor of philosophy in Yale university.</subfield>
      </datafield>
      <datafield ind1=' ' ind2=' ' tag='504'>
        <subfield code='a'>Bibliography: p. 247-253.</subfield>
      </datafield>
      <datafield ind1='1' ind2='0' tag='600'>
        <subfield code='a'>Thackeray, William Makepeace,</subfield>
        <subfield code='d'>1811-1863.</subfield>
      </datafield>
      <datafield ind1='1' ind2=' ' tag='700'>
        <subfield code='a'>Thackeray, William Makepeace,</subfield>
        <subfield code='d'>1811-1863.</subfield>
      </datafield>
      <datafield ind1=' ' ind2=' ' tag='907'>
        <subfield code='a'>b1272667</subfield>
      </datafield>
      <datafield ind1='9' ind2='1' tag='999'>
        <subfield code='i'>i1481473</subfield>
        <subfield code='l'>trln</subfield>
        <subfield code='s'>-</subfield>
        <subfield code='t'>0</subfield>
        <subfield code='c'>1</subfield>
        <subfield code='o'>0</subfield>
        <subfield code='b'>00014722829</subfield>
        <subfield code='p'>090</subfield>
        <subfield code='q'>|aPR5632 .G8 1934</subfield>
      </datafield>
  </record>