
  <record>
    <leader>00000cam  2200301Ia 4500</leader>
      <controlfield tag='008'>000922s1999    ne            100 0 eng d</controlfield>
      <controlfield tag='001'>45059835</controlfield>
      <controlfield tag='005'>20030807085130.0</controlfield>
      <datafield ind1=' ' ind2=' ' tag='020'>
        <subfield code='a'>9067791377</subfield>
      </datafield>
      <datafield ind1=' ' ind2=' ' tag='040'>
        <subfield code='a'>NYP</subfield>
        <subfield code='c'>NYP</subfield>
        <subfield code='d'>GUL</subfield>
        <subfield code='d'>NOC</subfield>
      </datafield>
      <datafield ind1=' ' ind2=' ' tag='043'>
        <subfield code='a'>e------</subfield>
      </datafield>
      <datafield ind1='0' ind2='0' tag='245'>
        <subfield code='a'>Services of general interest in the EU :</subfield>
        <subfield code='b'>reconciling competition and social responsibility : developments in telecommunications and postal services /</subfield>
        <subfield code='c'>edited by Georg Haibach.</subfield>
      </datafield>
      <datafield ind1=' ' ind2=' ' tag='260'>
        <subfield code='a'>Maastricht, the Netherlands :</subfield>
        <subfield code='b'>European Institute of Public Administration,</subfield>
        <subfield code='c'>c1999.</subfield>
      </datafield>
      <datafield ind1=' ' ind2=' ' tag='300'>
        <subfield code='a'>x, 192 p. ;</subfield>
        <subfield code='c'>24 cm.</subfield>
      </datafield>
      <datafield ind1=' ' ind2='0' tag='650'>
        <subfield code='a'>Public utilities</subfield>
        <subfield code='z'>European Union countries</subfield>
        <subfield code='v'>Congresses.</subfield>
      </datafield>
      <datafield ind1=' ' ind2='0' tag='650'>
        <subfield code='a'>Postal service</subfield>
        <subfield code='z'>European Union countries</subfield>
        <subfield code='v'>Congresses.</subfield>
      </datafield>
      <datafield ind1=' ' ind2='0' tag='650'>
        <subfield code='a'>Telephone</subfield>
        <subfield code='z'>European Union countries</subfield>
        <subfield code='v'>Congresses.</subfield>
      </datafield>
      <datafield ind1=' ' ind2='0' tag='650'>
        <subfield code='a'>Competition</subfield>
        <subfield code='z'>European Union countries</subfield>
        <subfield code='v'>Congresses.</subfield>
      </datafield>
      <datafield ind1=' ' ind2='0' tag='650'>
        <subfield code='a'>Deregulation</subfield>
        <subfield code='z'>European Union countries</subfield>
        <subfield code='v'>Congresses.</subfield>
      </datafield>
      <datafield ind1='1' ind2=' ' tag='700'>
        <subfield code='a'>Haibach, Georg.</subfield>
      </datafield>
      <datafield ind1=' ' ind2='0' tag='830'>
        <subfield code='a'>Current European issues.</subfield>
      </datafield>
      <datafield ind1=' ' ind2=' ' tag='907'>
        <subfield code='a'>b4323459</subfield>
      </datafield>
      <datafield ind1='9' ind2='1' tag='999'>
        <subfield code='i'>i5903806</subfield>
        <subfield code='l'>trln</subfield>
        <subfield code='s'>-</subfield>
        <subfield code='t'>0</subfield>
        <subfield code='c'>1</subfield>
        <subfield code='o'>0</subfield>
        <subfield code='b'>00022602248</subfield>
        <subfield code='p'>090</subfield>
        <subfield code='q'>|aK3978 .S47 1999</subfield>
      </datafield>
  </record>