
  <record>
    <leader>00000cam a2200649Ka 4500</leader>
      <controlfield tag='006'>m     o  d</controlfield>
      <controlfield tag='007'>cr cnu|||unuuu</controlfield>
      <controlfield tag='008'>120508s2012    gw      ob    101 0 eng d</controlfield>
      <controlfield tag='001'>793283354wcm</controlfield>
      <controlfield tag='003'>OCoLC</controlfield>
      <controlfield tag='005'>20150409065935.6</controlfield>
      <datafield ind1=' ' ind2=' ' tag='019'>
        <subfield code='a'>819097854wcm</subfield>
      </datafield>
      <datafield ind1=' ' ind2=' ' tag='020'>
        <subfield code='a'>364229460X</subfield>
      </datafield>
      <datafield ind1=' ' ind2=' ' tag='020'>
        <subfield code='a'>3642294618</subfield>
        <subfield code='q'>electronic bk.</subfield>
      </datafield>
      <datafield ind1=' ' ind2=' ' tag='020'>
        <subfield code='a'>9783642294600</subfield>
      </datafield>
      <datafield ind1=' ' ind2=' ' tag='020'>
        <subfield code='a'>9783642294617</subfield>
        <subfield code='q'>electronic bk.</subfield>
      </datafield>
      <datafield ind1=' ' ind2=' ' tag='020'>
        <subfield code='z'>9783642294600</subfield>
      </datafield>
      <datafield ind1=' ' ind2=' ' tag='035'>
        <subfield code='a'>(OCoLC)793283354</subfield>
        <subfield code='z'>(OCoLC)819097854</subfield>
      </datafield>
      <datafield ind1=' ' ind2=' ' tag='040'>
        <subfield code='a'>GW5XE</subfield>
        <subfield code='b'>eng</subfield>
        <subfield code='c'>GW5XE</subfield>
        <subfield code='d'>COO</subfield>
        <subfield code='d'>ZMC</subfield>
        <subfield code='d'>YDXCP</subfield>
        <subfield code='d'>OCLCQ</subfield>
        <subfield code='d'>OCLCO</subfield>
        <subfield code='d'>NLGGC</subfield>
        <subfield code='d'>OCLCF</subfield>
        <subfield code='d'>REB</subfield>
        <subfield code='d'>BEDGE</subfield>
        <subfield code='d'>OCLCO</subfield>
      </datafield>
      <datafield ind1=' ' ind2='4' tag='050'>
        <subfield code='a'>T57.95</subfield>
        <subfield code='b'>.I58 2012</subfield>
      </datafield>
      <datafield ind1='0' ind2='4' tag='082'>
        <subfield code='a'>658.4/03</subfield>
        <subfield code='2'>23</subfield>
      </datafield>
      <datafield ind1='2' ind2=' ' tag='111'>
        <subfield code='a'>International Conference on Belief Functions</subfield>
        <subfield code='n'>(2nd :</subfield>
        <subfield code='d'>2012 :</subfield>
        <subfield code='c'>Compiègne, France)</subfield>
      </datafield>
      <datafield ind1='1' ind2='0' tag='245'>
        <subfield code='a'>Belief functions</subfield>
        <subfield code='h'>[electronic resource] :</subfield>
        <subfield code='b'>theory and applications : proceedings of the 2nd International Conference on Belief Functions, Compiègne, France 9-11 May 2012 /</subfield>
        <subfield code='c'>Thierry Denoeux and Marie-Hélène Masson (eds.).</subfield>
      </datafield>
      <datafield ind1=' ' ind2=' ' tag='260'>
        <subfield code='a'>Berlin ;</subfield>
        <subfield code='a'>New York :</subfield>
        <subfield code='b'>Springer,</subfield>
        <subfield code='c'>c2012.</subfield>
      </datafield>
      <datafield ind1=' ' ind2=' ' tag='300'>
        <subfield code='a'>1 online resource (xi, 442 p.)</subfield>
      </datafield>
      <datafield ind1=' ' ind2=' ' tag='336'>
        <subfield code='a'>text</subfield>
        <subfield code='b'>txt</subfield>
        <subfield code='2'>rdacontent</subfield>
      </datafield>
      <datafield ind1=' ' ind2=' ' tag='337'>
        <subfield code='a'>computer</subfield>
        <subfield code='b'>c</subfield>
        <subfield code='2'>rdamedia</subfield>
      </datafield>
      <datafield ind1=' ' ind2=' ' tag='338'>
        <subfield code='a'>online resource</subfield>
        <subfield code='b'>cr</subfield>
        <subfield code='2'>rdacarrier</subfield>
      </datafield>
      <datafield ind1=' ' ind2=' ' tag='500'>
        <subfield code='a'>Includes author index.</subfield>
      </datafield>
      <datafield ind1=' ' ind2=' ' tag='500'>
        <subfield code='a'>International conference proceedings.</subfield>
      </datafield>
      <datafield ind1=' ' ind2=' ' tag='504'>
        <subfield code='a'>Includes bibliographical references.</subfield>
      </datafield>
      <datafield ind1='0' ind2=' ' tag='505'>
        <subfield code='a'>Choquet Integral as Maximum of Integrals with Respect to Belief Functions / Mikhail Timonin -- Consonant Approximations in the Belief Space / Fabio Cuzzolin -- Controling the Number of Focal Elements / Some Combinatorial Considerations / Christophe Osswald -- Random Generation of Mass Functions: A Short Howto / Thomas Burger and Sébastien Destercke -- Revisiting the Notion of Conflicting Belief Functions / Sébastien Destercke and Thomas Burger -- About Conflict in the Theory of Belief Functions / Arnaud Martin -- The Internal Conflict of a Belief Function / Johan Schubert -- Plausibility in DSmT / Milan Daniel -- A Belief Function Model for Pixel Data / John Klein and Olivier Colot -- Using Belief Function Theory to Deal with Uncertainties and Imprecisions in Image Processing / Benoît Lelandais, Isabelle Gardin, Laurent Mouchard, Pierre Vera and Su Ruan -- Belief Theory for Large-Scale Multi-label Image Classification / Amel Znaidia, Hervé Le Borgne and Céline Hudelot -- Facial Expression Classification Based on Dempster-Shafer Theory of Evidence / Mohammad Shoyaib, M. Abdullah-Al-Wadud, S. M. Zahid Ishraque and Oksam Chae -- Compositional Models in Valuation-Based Systems / Radim Jiroušek and Prakash P. Shenoy -- Ascribing Causality from Interventional Belief Function Knowledge / Imen Boukhris, Salem Benferhat and Zied Elouedi -- About Sources Dependence in the Theory of Belief Functions / Mouna Chebbah, Arnaud Martin and Boutheina Ben Yaghlane.</subfield>
      </datafield>
      <datafield ind1='0' ind2=' ' tag='505'>
        <subfield code='a'>Distributed Data Fusion for Detecting Sybil Attacks in VANETs / Nicole El Zoghby, Véronique Cherfaoui, Bertrand Ducourthial and Thierry Den{oeElig}ux -- Partially-Hidden Markov Models / Emmanuel Ramasso, Thierry Den{oeElig}ux and Noureddine Zerhouni -- Large Scale Multinomial Inferences and Its Applications in Genome Wide Association Studies / Chuanhai Liu and Jun Xie -- Belief Function Robustness in Estimation / Alessio Benavoli -- Conditioning in Dempster-Shafer Theory: Prediction vs. Revision / Didier Dubois and Thierry Den{oeElig}ux -- Combining Statistical and Expert Evidence within the D-S Framework: Application to Hydrological Return Level Estimation / Nadia Ben Abdallah, Nassima Mouhous Voyneau and Thierry Den{oeElig}ux -- Sigmoidal Model for Belief Function-Based Electre Tri Method / Jean Dezert and Jean-Marc Tacnet -- Belief Inference with Timed Evidence / Methodology and Application Using Sensors in a Smart Home / Bastien Pietropaoli, Michele Dominici and Fréedéric Weis -- Evidential Network with Conditional Belief Functions for an Adaptive Training in Informed Virtual Environment / Loïc Fricoteaux, Indira Thouvenin, Jérôme Olive and Paul George -- Using the Belief Functions Theory to Deploy Static Wireless Sensor Networks / Mustapha Reda Senouci, Abdelhamid Mellouk, Latifa Oukhellou and Amar Aissani -- A Quantitative Study of the Occurrence of a Railway Accident Based on Belief Functions / Felipe Aguirre, Mohamed Sallak, Walter Schön and Fabien Belmonte.</subfield>
      </datafield>
      <datafield ind1='0' ind2=' ' tag='505'>
        <subfield code='a'>On Belief Functions and Random Sets / Hung T. Nguyen -- Evidential Multi-label Classification Using the Random k-Label Sets Approach / Sawsan Kanj, Fahed Abdallah and Thierry Den{oeElig}ux -- An Evidential Improvement for Gender Profiling / Jianbing Ma, Weiru Liu and Paul Miller -- An Interval-Valued Dissimilarity Measure for Belief Functions Based on Credal Semantics / Alessandro Antonucci -- An Evidential Pattern Matching Approach for Vehicle Identification / Anne-Laure Jousselme and Patrick Maupin -- A Comparison between a Bayesian Approach and a Method Based on Continuous Belief Functions for Pattern Recognition / Anthony Fiche, Arnaud Martin, Jean-Christophe Cexus and Ali Khenchaf -- Prognostic by Classification of Predictions Combining Similarity-Based Estimation and Belief Functions / Emmanuel Ramasso, Michèle Rombaut and Noureddine Zerhouni -- Adaptive Initialization of a EvKNN Classification Algorithm / Stefen Chan Wai Tim, Michèle Rombaut and Denis Pellerin -- Classification Trees Based on Belief Functions / Nicolas Sutton-Charani, Sébastien Destercke and Thierry Den{oeElig}ux -- Combination of Supervised and Unsupervised Classification Using the Theory of Belief Functions / Fatma Karem, Mounir Dhibi and Arnaud Martin -- Continuous Belief Functions: Focal Intervals Properties / Jean-Marc Vannobel -- Game-Theoretical Semantics of Epistemic Probability Transformations / Fabio Cuzzolin -- Generalizations of the Relative Belief Transform / Fabio Cuzzolin.</subfield>
      </datafield>
      <datafield ind1='0' ind2=' ' tag='505'>
        <subfield code='a'>On Random Sets Independence and Strong Independence in Evidence Theory / Jiřina Vejnarová -- Combining Linear Equation Models via Dempster&apos;s Rule / Liping Liu -- Reliability in the Thresholded Dempster-Shafer Algorithm for ESM Data Fusion / Melita Hadzagic, Marie-Odette St-Hilaire and Pierre Valin -- Hierarchical Proportional Redistribution for bba Approximation / Jean Dezert, Deqiang Han, Zhunga Liu and Jean-Marc Tacnet -- On the [alpha]-Conjunctions for Combining Belief Functions / Frédéric Pichon -- Improvements to the GRP1 Combination Rule / Gavin Powell, Matthew Roberts and Dafni Stampouli -- Consensus-Based Credibility Estimation of Soft Evidence for Robust Data Fusion / Thanuka L. Wickramarathne, Kamal Premaratne and Manohar N. Murthi -- Ranking from Pairwise Comparisons in the Belief Functions Framework / Marie-Hélène Masson and Thierry Den{oeElig}ux -- Dempster-Shafer Fusion of Context Sources for Pedestrian Recognition / Magdalena Szczot, Otto Löhlein and Günther Palm -- Multi-level Dempster-Shafer Speed Limit Assistant / Jérémie Daniel and Jean-Philippe Lauffenburger -- A New Local Measure of Disagreement between Belief Functions - Application to Localization / Arnaud Roquel, Sylvie Le Hégarat-Mascle, Isabelle Bloch and Bastien Vincke -- Map-Aided Fusion Using Evidential Grids for Mobile Perception in Urban Environment / Marek Kurdej, Julien Moras, Véronique Cherfaoui and Philippe Bonnifait.</subfield>
      </datafield>
      <datafield ind1='1' ind2=' ' tag='506'>
        <subfield code='a'>Access limited to UNC Chapel Hill-authenticated users.</subfield>
        <subfield code='f'>Unlimited simultaneous users</subfield>
      </datafield>
      <datafield ind1='8' ind2=' ' tag='520'>
        <subfield code='a'>Annotation</subfield>
        <subfield code='b'>The theory of belief functions, also known as evidence theory or Dempster-Shafer theory, was first introduced by Arthur P. Dempster in the context of statistical inference, and was later developed by Glenn Shafer as a general framework for modeling epistemic uncertainty. These early contributions have been the starting points of many important developments, including the Transferable Belief Model and the Theory of Hints. The theory of belief functions is now well established as a general framework for reasoning with uncertainty, and has well understood connections to other frameworks such as probability, possibility and imprecise probability theories.This volume contains the proceedings of the 2nd International Conference on Belief Functions that was held in Compiègne, France on 9-11 May 2012. It gathers 51 contributions describing recent developments both on theoretical issues (including approximation methods, combination rules, continuous belief functions, graphical models and independence concepts) and applications in various areas including classification, image processing, statistics and intelligent vehicles.</subfield>
      </datafield>
      <datafield ind1=' ' ind2='0' tag='650'>
        <subfield code='a'>Decision making</subfield>
        <subfield code='x'>Data processing.</subfield>
      </datafield>
      <datafield ind1=' ' ind2='0' tag='650'>
        <subfield code='a'>Decision making</subfield>
        <subfield code='x'>Mathematical models.</subfield>
      </datafield>
      <datafield ind1=' ' ind2='0' tag='650'>
        <subfield code='a'>Uncertainty (Information theory)</subfield>
      </datafield>
      <datafield ind1=' ' ind2='7' tag='650'>
        <subfield code='a'>Decision making</subfield>
        <subfield code='x'>Data processing.</subfield>
        <subfield code='2'>fast</subfield>
        <subfield code='0'>(OCoLC)fst00889041</subfield>
      </datafield>
      <datafield ind1=' ' ind2='7' tag='650'>
        <subfield code='a'>Decision making</subfield>
        <subfield code='x'>Mathematical models.</subfield>
        <subfield code='2'>fast</subfield>
        <subfield code='0'>(OCoLC)fst00889048</subfield>
      </datafield>
      <datafield ind1=' ' ind2='7' tag='650'>
        <subfield code='a'>Uncertainty (Information theory)</subfield>
        <subfield code='2'>fast</subfield>
        <subfield code='0'>(OCoLC)fst01160838</subfield>
      </datafield>
      <datafield ind1='1' ind2=' ' tag='700'>
        <subfield code='a'>Denoeux, Thierry.</subfield>
      </datafield>
      <datafield ind1='1' ind2=' ' tag='700'>
        <subfield code='a'>Masson, Marie-Hélène.</subfield>
      </datafield>
      <datafield ind1='0' ind2=' ' tag='773'>
        <subfield code='t'>OCLC WorldShare Collection Manager managed collection. EbookMain</subfield>
      </datafield>
      <datafield ind1='0' ind2=' ' tag='773'>
        <subfield code='t'>Springer e-books (online collection). Engineering. 2012</subfield>
      </datafield>
      <datafield ind1=' ' ind2='0' tag='830'>
        <subfield code='a'>Advances in intelligent and soft computing ;</subfield>
        <subfield code='v'>164.</subfield>
      </datafield>
      <datafield ind1='4' ind2='0' tag='856'>
        <subfield code='u'>http://libproxy.lib.unc.edu/login?url=http://link.springer.com/10.1007/978-3-642-29461-7</subfield>
        <subfield code='y'>Full text available via the UNC-Chapel Hill Libraries</subfield>
      </datafield>
      <datafield ind1=' ' ind2='1' tag='907'>
        <subfield code='a'>b7098255</subfield>
      </datafield>
  </record>