
  <record>
    <leader>00000cam a2200289Ma 4500</leader>
      <controlfield tag='006'>m     o  d</controlfield>
      <controlfield tag='008'>060112s1814    enk     s     000 0 eng d</controlfield>
      <controlfield tag='007'>cr |n||||||||n</controlfield>
      <controlfield tag='001'>65238556momw</controlfield>
      <controlfield tag='003'>OCoLC</controlfield>
      <controlfield tag='005'>20071126035744.0</controlfield>
      <datafield ind1=' ' ind2=' ' tag='040'>
        <subfield code='a'>GMOME</subfield>
        <subfield code='c'>GMOME</subfield>
      </datafield>
      <datafield ind1=' ' ind2=' ' tag='043'>
        <subfield code='a'>e-uk---</subfield>
      </datafield>
      <datafield ind1='1' ind2=' ' tag='100'>
        <subfield code='a'>Western, C. C.</subfield>
        <subfield code='q'>(Charles Callis),</subfield>
        <subfield code='c'>Baron Western,</subfield>
        <subfield code='d'>1767-1844.</subfield>
      </datafield>
      <datafield ind1='1' ind2='0' tag='245'>
        <subfield code='a'>Letter of Charles C. Western, Esq. ... to his constituents, on the subject of the foreign corn trade, August 5th, 1814</subfield>
        <subfield code='h'>[electronic resource].</subfield>
      </datafield>
      <datafield ind1=' ' ind2=' ' tag='260'>
        <subfield code='a'>London :</subfield>
        <subfield code='b'>Printed for Budd and Calkin,</subfield>
        <subfield code='c'>1814</subfield>
        <subfield code='e'>(London :</subfield>
        <subfield code='f'>C.H. Reynell)</subfield>
      </datafield>
      <datafield ind1=' ' ind2=' ' tag='300'>
        <subfield code='a'>1 online resource (32 p.)</subfield>
      </datafield>
      <datafield ind1=' ' ind2=' ' tag='500'>
        <subfield code='a'>Reproduction of original from Goldsmiths&apos; Library, University of London.</subfield>
      </datafield>
      <datafield ind1=' ' ind2=' ' tag='500'>
        <subfield code='a'>Goldsmiths&apos;-Kress no. 20953.</subfield>
      </datafield>
      <datafield ind1='1' ind2=' ' tag='506'>
        <subfield code='a'>Access limited to UNC Chapel Hill-authenticated users.</subfield>
        <subfield code='f'>Unlimited simultaneous users</subfield>
      </datafield>
      <datafield ind1=' ' ind2='0' tag='650'>
        <subfield code='a'>Grain trade</subfield>
        <subfield code='z'>Great Britain.</subfield>
      </datafield>
      <datafield ind1='0' ind2=' ' tag='773'>
        <subfield code='t'>Making of the modern world (online collection). Part 1. Ebooks</subfield>
      </datafield>
      <datafield ind1='4' ind2='0' tag='856'>
        <subfield code='u'>http://libproxy.lib.unc.edu/login?url=http://galenet.galegroup.com/servlet/MOME?af=RN&amp;ae=U107020217&amp;srchtp=a&amp;ste=14&amp;q=unc_main</subfield>
        <subfield code='y'>Full text available via the UNC-Chapel Hill Libraries</subfield>
        <subfield code='x'>Making of the Modern World</subfield>
      </datafield>
      <datafield ind1=' ' ind2=' ' tag='907'>
        <subfield code='a'>b7714758</subfield>
      </datafield>
  </record>