
  <record>
    <leader>00000cgm a2200661Ia 4500</leader>
      <controlfield tag='008'>030909p20031994enk190 g          vlita d</controlfield>
      <controlfield tag='007'>vd cvaizk</controlfield>
      <controlfield tag='001'>52995853</controlfield>
      <controlfield tag='003'>OCoLC</controlfield>
      <controlfield tag='005'>20070316114751.0</controlfield>
      <datafield ind1=' ' ind2=' ' tag='020'>
        <subfield code='a'>0769775691</subfield>
      </datafield>
      <datafield ind1=' ' ind2=' ' tag='020'>
        <subfield code='a'>9780769775692</subfield>
      </datafield>
      <datafield ind1='1' ind2=' ' tag='024'>
        <subfield code='a'>032031203990</subfield>
      </datafield>
      <datafield ind1='4' ind2='2' tag='028'>
        <subfield code='a'>D2039</subfield>
        <subfield code='b'>Kultur Video</subfield>
      </datafield>
      <datafield ind1=' ' ind2=' ' tag='035'>
        <subfield code='a'>(OCoLC)52995853</subfield>
      </datafield>
      <datafield ind1=' ' ind2=' ' tag='040'>
        <subfield code='a'>TEFMT</subfield>
        <subfield code='c'>TEFMT</subfield>
        <subfield code='d'>TJC</subfield>
        <subfield code='d'>TEF</subfield>
        <subfield code='d'>OCLCQ</subfield>
        <subfield code='d'>VP@</subfield>
        <subfield code='d'>NOC</subfield>
      </datafield>
      <datafield ind1='1' ind2=' ' tag='041'>
        <subfield code='a'>ita</subfield>
        <subfield code='b'>eng</subfield>
        <subfield code='b'>fre</subfield>
        <subfield code='b'>jpn</subfield>
        <subfield code='b'>spa</subfield>
        <subfield code='h'>ita</subfield>
      </datafield>
      <datafield ind1=' ' ind2=' ' tag='049'>
        <subfield code='a'>NODP</subfield>
      </datafield>
      <datafield ind1='0' ind2='3' tag='245'>
        <subfield code='a'>Le nozze di Figaro</subfield>
        <subfield code='h'>[videorecording] /</subfield>
        <subfield code='c'>Music, Wolfgang Amadeus Mozart ; libretto, Lorenzo da Ponte ; director [stage], Stephen Medcalf ; producer, Simon Flind ; directed for television by Derek Bailey ; Channel 4 Television ; Glyndebourne Festival Opera ; NVC Arts ; Warner Music Vision.</subfield>
      </datafield>
      <datafield ind1='1' ind2=' ' tag='246'>
        <subfield code='i'>English title:</subfield>
        <subfield code='a'>Marriage of Figaro</subfield>
      </datafield>
      <datafield ind1=' ' ind2=' ' tag='260'>
        <subfield code='a'>West Long Branch, NJ :</subfield>
        <subfield code='b'>Kultur Video,</subfield>
        <subfield code='c'>[2003], c1994.</subfield>
      </datafield>
      <datafield ind1=' ' ind2=' ' tag='300'>
        <subfield code='a'>1 videodisc (190 min.) :</subfield>
        <subfield code='b'>sd., col. ;</subfield>
        <subfield code='c'>4 3/4 in.</subfield>
      </datafield>
      <datafield ind1=' ' ind2=' ' tag='500'>
        <subfield code='a'>Originally recorded in performance in May, 1994, and broadcast on television. Previously released on VHS in 1996.</subfield>
      </datafield>
      <datafield ind1=' ' ind2=' ' tag='500'>
        <subfield code='a'>Based on the 1778 play &quot;Les noces de Figaro&quot; by Pierre Augustin Caron de Beaumarchais.</subfield>
      </datafield>
      <datafield ind1=' ' ind2=' ' tag='508'>
        <subfield code='a'>Production designer, John Gunter ; choreographer, Jenny Weston.</subfield>
      </datafield>
      <datafield ind1='0' ind2=' ' tag='511'>
        <subfield code='a'>Gerald Finley ; Alison Hagley ; Renée Fleming ; Andreas Schmidt ; Mandred Röhrl ; Wendy Hillhouse ; Marie-Ange Todorovitch ; Robert Tear ; Donald Adams ; the London Philharmonic ; conducted by Bernard Haitink.</subfield>
      </datafield>
      <datafield ind1=' ' ind2=' ' tag='518'>
        <subfield code='a'>Performed at the Glyndebourne Festival Opera House, May 1994.</subfield>
      </datafield>
      <datafield ind1=' ' ind2=' ' tag='538'>
        <subfield code='a'>DVD ; Region 1 encoding ; Dolby digital stereo., 5.1 Dolby surround ; aspect ratio: 4:3.</subfield>
      </datafield>
      <datafield ind1=' ' ind2=' ' tag='546'>
        <subfield code='a'>Sung in Italian, with English, French, Japanese or Spanish subtitles.</subfield>
      </datafield>
      <datafield ind1=' ' ind2='7' tag='655'>
        <subfield code='a'>Operas.</subfield>
        <subfield code='2'>lcgft</subfield>
      </datafield>
      <datafield ind1='1' ind2='2' tag='700'>
        <subfield code='a'>Mozart, Wolfgang Amadeus,</subfield>
        <subfield code='d'>1756-1791.</subfield>
        <subfield code='t'>Nozze di Figaro.</subfield>
      </datafield>
      <datafield ind1='1' ind2=' ' tag='700'>
        <subfield code='a'>Medcalf, Stephen,</subfield>
        <subfield code='d'>1960-</subfield>
      </datafield>
      <datafield ind1='1' ind2=' ' tag='700'>
        <subfield code='a'>Flind, Simon.</subfield>
      </datafield>
      <datafield ind1='1' ind2=' ' tag='700'>
        <subfield code='a'>Bailey, Derek.</subfield>
      </datafield>
      <datafield ind1='1' ind2=' ' tag='700'>
        <subfield code='a'>Finley, Gerald,</subfield>
        <subfield code='d'>1960-</subfield>
      </datafield>
      <datafield ind1='1' ind2=' ' tag='700'>
        <subfield code='a'>Hagley, Alison.</subfield>
      </datafield>
      <datafield ind1='1' ind2=' ' tag='700'>
        <subfield code='a'>Fleming, Renée.</subfield>
      </datafield>
      <datafield ind1='1' ind2=' ' tag='700'>
        <subfield code='a'>Schmidt, Andreas,</subfield>
        <subfield code='d'>1960-</subfield>
      </datafield>
      <datafield ind1='1' ind2=' ' tag='700'>
        <subfield code='a'>Röhrl, Manfred,</subfield>
        <subfield code='d'>1935-</subfield>
      </datafield>
      <datafield ind1='1' ind2=' ' tag='700'>
        <subfield code='a'>Hillhouse, Wendy.</subfield>
      </datafield>
      <datafield ind1='1' ind2=' ' tag='700'>
        <subfield code='a'>Todorovitch, Marie-Ange.</subfield>
      </datafield>
      <datafield ind1='1' ind2=' ' tag='700'>
        <subfield code='a'>Tear, Robert.</subfield>
      </datafield>
      <datafield ind1='1' ind2=' ' tag='700'>
        <subfield code='a'>Adams, Donald.</subfield>
      </datafield>
      <datafield ind1='1' ind2=' ' tag='700'>
        <subfield code='a'>Haitink, Bernard,</subfield>
        <subfield code='d'>1929-</subfield>
      </datafield>
      <datafield ind1='1' ind2=' ' tag='700'>
        <subfield code='a'>Gunter, John.</subfield>
      </datafield>
      <datafield ind1='1' ind2=' ' tag='700'>
        <subfield code='a'>Weston, Jenny.</subfield>
      </datafield>
      <datafield ind1='1' ind2=' ' tag='700'>
        <subfield code='a'>Beaumarchais, Pierre Augustin Caron de,</subfield>
        <subfield code='d'>1732-1799.</subfield>
        <subfield code='t'>Mariage de Figaro.</subfield>
      </datafield>
      <datafield ind1='2' ind2=' ' tag='710'>
        <subfield code='a'>London Philharmonic Orchestra.</subfield>
      </datafield>
      <datafield ind1='2' ind2=' ' tag='710'>
        <subfield code='a'>Channel Four (Great Britain)</subfield>
      </datafield>
      <datafield ind1='2' ind2=' ' tag='710'>
        <subfield code='a'>Glyndebourne Festival Opera Company.</subfield>
      </datafield>
      <datafield ind1='2' ind2=' ' tag='710'>
        <subfield code='a'>NVC Arts (Firm)</subfield>
      </datafield>
      <datafield ind1='2' ind2=' ' tag='710'>
        <subfield code='a'>Warner Music Vision (Firm)</subfield>
      </datafield>
      <datafield ind1='2' ind2=' ' tag='710'>
        <subfield code='a'>Kultur Video.</subfield>
      </datafield>
      <datafield ind1=' ' ind2=' ' tag='907'>
        <subfield code='a'>b4978436</subfield>
      </datafield>
      <datafield ind1='9' ind2='1' tag='999'>
        <subfield code='i'>i6750324</subfield>
        <subfield code='l'>mmdd</subfield>
        <subfield code='s'>-</subfield>
        <subfield code='t'>60</subfield>
        <subfield code='c'>1</subfield>
        <subfield code='o'>32</subfield>
        <subfield code='b'>00027155097</subfield>
        <subfield code='p'>099</subfield>
        <subfield code='q'>|aDVD-293</subfield>
      </datafield>
  </record>