
  <record>
    <leader>00000cam  2200253Ia 4500</leader>
      <controlfield tag='008'>120907s2012    mau           000 p eng d</controlfield>
      <controlfield tag='001'>809412199</controlfield>
      <controlfield tag='003'>OCoLC</controlfield>
      <controlfield tag='005'>20121115153505.1</controlfield>
      <datafield ind1=' ' ind2=' ' tag='020'>
        <subfield code='a'>9780983700142</subfield>
      </datafield>
      <datafield ind1=' ' ind2=' ' tag='020'>
        <subfield code='a'>0983700141</subfield>
      </datafield>
      <datafield ind1=' ' ind2=' ' tag='035'>
        <subfield code='a'>(OCoLC)809412199</subfield>
      </datafield>
      <datafield ind1=' ' ind2=' ' tag='040'>
        <subfield code='a'>YDXCP</subfield>
        <subfield code='c'>YDXCP</subfield>
        <subfield code='d'>BTCTA</subfield>
        <subfield code='d'>BDX</subfield>
        <subfield code='d'>CDX</subfield>
        <subfield code='d'>MUB</subfield>
        <subfield code='d'>NhCcYBP</subfield>
      </datafield>
      <datafield ind1=' ' ind2='4' tag='050'>
        <subfield code='a'>PS3618.O676</subfield>
        <subfield code='b'>R63 2012</subfield>
      </datafield>
      <datafield ind1='0' ind2='4' tag='082'>
        <subfield code='a'>811/.6</subfield>
        <subfield code='2'>23</subfield>
      </datafield>
      <datafield ind1='1' ind2=' ' tag='100'>
        <subfield code='a'>Rooney, Kathleen,</subfield>
        <subfield code='d'>1980-</subfield>
      </datafield>
      <datafield ind1='1' ind2='0' tag='245'>
        <subfield code='a'>Robinson alone /</subfield>
        <subfield code='c'>Kathleen Rooney.</subfield>
      </datafield>
      <datafield ind1=' ' ind2=' ' tag='260'>
        <subfield code='a'>[Boston, Mass.] :</subfield>
        <subfield code='b'>Gold Wake Press,</subfield>
        <subfield code='c'>2012.</subfield>
      </datafield>
      <datafield ind1=' ' ind2=' ' tag='300'>
        <subfield code='a'>132 p. ;</subfield>
        <subfield code='c'>23 cm.</subfield>
      </datafield>
      <datafield ind1=' ' ind2=' ' tag='907'>
        <subfield code='a'>b7295689</subfield>
      </datafield>
      <datafield ind1='9' ind2='1' tag='999'>
        <subfield code='i'>i9836214</subfield>
        <subfield code='l'>ddda</subfield>
        <subfield code='s'>-</subfield>
        <subfield code='t'>0</subfield>
        <subfield code='c'>1</subfield>
        <subfield code='o'>0</subfield>
        <subfield code='b'>00045580735</subfield>
        <subfield code='p'>050</subfield>
        <subfield code='q'>|aPS3618.O676|bR63 2012</subfield>
      </datafield>
  </record>