
  <record>
    <leader>00000cam  2200193Ii 4500</leader>
      <controlfield tag='008'>780808s1975    dcua     b   f000 0 eng d</controlfield>
      <controlfield tag='001'>4118950</controlfield>
      <controlfield tag='005'>19790630000000.0</controlfield>
      <datafield ind1=' ' ind2=' ' tag='040'>
        <subfield code='a'>UIU</subfield>
        <subfield code='c'>UIU</subfield>
        <subfield code='d'>NOC</subfield>
      </datafield>
      <datafield ind1=' ' ind2=' ' tag='043'>
        <subfield code='a'>n-us-ca</subfield>
        <subfield code='a'>n-us-nv</subfield>
      </datafield>
      <datafield ind1='1' ind2=' ' tag='110'>
        <subfield code='a'>United States.</subfield>
        <subfield code='b'>Environmental Protection Agency.</subfield>
      </datafield>
      <datafield ind1='1' ind2='4' tag='245'>
        <subfield code='a'>The Lake Tahoe study :</subfield>
        <subfield code='b'>as requested by the 92nd Congress in Section 114 of the Federal water pollution control act amendments of 1972 /</subfield>
        <subfield code='c'>United States Environmental Protection Agency ; [John Wise, principal author].</subfield>
      </datafield>
      <datafield ind1=' ' ind2=' ' tag='260'>
        <subfield code='a'>[Washington] :</subfield>
        <subfield code='b'>U.S. Environmental Protection Agency,</subfield>
        <subfield code='c'>[1975?]</subfield>
      </datafield>
      <datafield ind1=' ' ind2=' ' tag='300'>
        <subfield code='a'>141 p. :</subfield>
        <subfield code='b'>ill. ;</subfield>
        <subfield code='c'>27 cm.</subfield>
      </datafield>
      <datafield ind1=' ' ind2=' ' tag='504'>
        <subfield code='a'>Bibliography: p. 117-127.</subfield>
      </datafield>
      <datafield ind1=' ' ind2='0' tag='650'>
        <subfield code='a'>Regional planning</subfield>
        <subfield code='z'>Tahoe, Lake, Region (Calif. and Nev.)</subfield>
      </datafield>
      <datafield ind1='1' ind2=' ' tag='700'>
        <subfield code='a'>Wise, John.</subfield>
      </datafield>
      <datafield ind1=' ' ind2=' ' tag='907'>
        <subfield code='a'>b1551599</subfield>
      </datafield>
      <datafield ind1='9' ind2='1' tag='999'>
        <subfield code='i'>i2191076</subfield>
        <subfield code='l'>trln</subfield>
        <subfield code='s'>-</subfield>
        <subfield code='t'>0</subfield>
        <subfield code='c'>1</subfield>
        <subfield code='o'>6</subfield>
        <subfield code='b'>00008207816</subfield>
        <subfield code='p'>090</subfield>
        <subfield code='q'>|aHT392.5.T3 U54 1975</subfield>
      </datafield>
  </record>