
  <record>
    <leader>00000cjma 2200277I  4500</leader>
      <controlfield tag='008'>800919s1956    nyufmn   d          eng  </controlfield>
      <controlfield tag='007'>sd bmmennmpl-e</controlfield>
      <controlfield tag='001'>6730512</controlfield>
      <controlfield tag='005'>20010212112845.0</controlfield>
      <datafield ind1=' ' ind2=' ' tag='010'>
        <subfield code='a'>r  57000728</subfield>
      </datafield>
      <datafield ind1='0' ind2='0' tag='028'>
        <subfield code='a'>SMP-2</subfield>
        <subfield code='b'>Elektra Records</subfield>
      </datafield>
      <datafield ind1='0' ind2='2' tag='028'>
        <subfield code='a'>SMP 2</subfield>
        <subfield code='b'>Elektra Records</subfield>
      </datafield>
      <datafield ind1=' ' ind2=' ' tag='040'>
        <subfield code='a'>DLC</subfield>
        <subfield code='c'>RES</subfield>
        <subfield code='d'>RES</subfield>
        <subfield code='d'>NOC</subfield>
      </datafield>
      <datafield ind1='0' ind2='0' tag='245'>
        <subfield code='a'>Elektra folk sampler</subfield>
        <subfield code='h'>[sound recording].</subfield>
      </datafield>
      <datafield ind1=' ' ind2=' ' tag='260'>
        <subfield code='b'>Elektra Records</subfield>
        <subfield code='c'>[1956]</subfield>
      </datafield>
      <datafield ind1=' ' ind2=' ' tag='300'>
        <subfield code='a'>1 disc.</subfield>
        <subfield code='b'>33 1/3 rpm.</subfield>
        <subfield code='c'>12 in.</subfield>
      </datafield>
      <datafield ind1=' ' ind2=' ' tag='500'>
        <subfield code='a'>Program notes by Nina Merrick on container; texts (11 p.) inserted.</subfield>
      </datafield>
      <datafield ind1=' ' ind2=' ' tag='500'>
        <subfield code='a'>A composite from 18 previous releases.</subfield>
      </datafield>
      <datafield ind1=' ' ind2=' ' tag='500'>
        <subfield code='a'>Special Collection material:  Use of audio or visual material may require production of listening or viewing copies before use.  Contact wilsonlibrary@unc.edu before visiting reading room for more information.</subfield>
      </datafield>
      <datafield ind1='0' ind2=' ' tag='505'>
        <subfield code='a'>Josie -- Declaration paysanne -- Erie Canal -- Coplas -- Robin Hood &amp; the bold pedlar -- Ptsach Bazemer -- Nottamun town -- Bella Ragazza -- John Henry -- Sevillanas -- Must I go bound -- Mangwani mpulele -- Crawdad song -- Le moulin de la galette -- The derby ram -- Au clair de la lune -- Keys of Canterbury -- My ain house.</subfield>
      </datafield>
      <datafield ind1=' ' ind2='7' tag='655'>
        <subfield code='a'>Folk music.</subfield>
        <subfield code='2'>lcgft</subfield>
      </datafield>
      <datafield ind1=' ' ind2=' ' tag='907'>
        <subfield code='a'>b3777497</subfield>
      </datafield>
      <datafield ind1='9' ind2='1' tag='999'>
        <subfield code='i'>i5248095</subfield>
        <subfield code='l'>wadb</subfield>
        <subfield code='s'>o</subfield>
        <subfield code='t'>50</subfield>
        <subfield code='c'>1</subfield>
        <subfield code='o'>0</subfield>
        <subfield code='b'>HBCI-5451-00001</subfield>
        <subfield code='p'>099</subfield>
        <subfield code='q'>|aFC-3306</subfield>
        <subfield code='n'>Special Collection material:  Use of audio or visual material may require production of listening or viewing copies before use.  Contact wilsonlibrary@unc.edu before visiting reading room for more information.</subfield>
      </datafield>
  </record>