
  <record>
    <leader>00000nam  22003738a 4500</leader>
      <controlfield tag='006'>m||||||||d |||||||</controlfield>
      <controlfield tag='008'>090430s2007||||enk     o     ||1 0|eng|d</controlfield>
      <controlfield tag='007'>cr |||||||||||</controlfield>
      <controlfield tag='001'>CR9780511536120</controlfield>
      <controlfield tag='003'>UkCbUP</controlfield>
      <controlfield tag='005'>20120618050305.0</controlfield>
      <datafield ind1=' ' ind2=' ' tag='020'>
        <subfield code='a'>9780511536120 (ebook)</subfield>
      </datafield>
      <datafield ind1=' ' ind2=' ' tag='020'>
        <subfield code='z'>9780521875486 (hardback)</subfield>
      </datafield>
      <datafield ind1=' ' ind2=' ' tag='040'>
        <subfield code='a'>UkCbUP</subfield>
        <subfield code='c'>UkCbUP</subfield>
      </datafield>
      <datafield ind1='0' ind2='0' tag='245'>
        <subfield code='a'>Planetary Systems and the Origins of Life</subfield>
        <subfield code='h'>[electronic resource]. /</subfield>
        <subfield code='c'>Edited by Ralph Pudritz, Paul  Higgs, Jonathon  Stone.</subfield>
      </datafield>
      <datafield ind1=' ' ind2=' ' tag='260'>
        <subfield code='a'>Cambridge :</subfield>
        <subfield code='b'>Cambridge University Press,</subfield>
        <subfield code='c'>2007</subfield>
      </datafield>
      <datafield ind1=' ' ind2=' ' tag='300'>
        <subfield code='a'>1 online resource (334 p.)</subfield>
      </datafield>
      <datafield ind1=' ' ind2=' ' tag='500'>
        <subfield code='a'>Title from publishers bibliographic system (viewed on 18 Jun 2012).</subfield>
      </datafield>
      <datafield ind1='1' ind2=' ' tag='506'>
        <subfield code='a'>Access limited to UNC Chapel Hill-authenticated users.</subfield>
        <subfield code='f'>Unlimited simultaneous users</subfield>
      </datafield>
      <datafield ind1=' ' ind2='0' tag='650'>
        <subfield code='a'>Exobiology.</subfield>
      </datafield>
      <datafield ind1=' ' ind2='0' tag='650'>
        <subfield code='a'>Life</subfield>
        <subfield code='x'>Origin.</subfield>
      </datafield>
      <datafield ind1=' ' ind2='0' tag='650'>
        <subfield code='a'>Habitable planets.</subfield>
      </datafield>
      <datafield ind1='1' ind2=' ' tag='700'>
        <subfield code='a'>Pudritz, Ralph E.</subfield>
      </datafield>
      <datafield ind1='1' ind2=' ' tag='700'>
        <subfield code='a'>Higgs, Paul.</subfield>
      </datafield>
      <datafield ind1='1' ind2=' ' tag='700'>
        <subfield code='a'>Stone, Jonathon.</subfield>
      </datafield>
      <datafield ind1='0' ind2=' ' tag='773'>
        <subfield code='t'>Cambridge University Press ebooks (online collection). 2012 retrospective</subfield>
      </datafield>
      <datafield ind1='0' ind2='8' tag='776'>
        <subfield code='i'>Print version:</subfield>
        <subfield code='z'>9780521875486</subfield>
      </datafield>
      <datafield ind1=' ' ind2='0' tag='830'>
        <subfield code='a'>Cambridge astrobiology ;</subfield>
        <subfield code='v'>3.</subfield>
      </datafield>
      <datafield ind1='4' ind2='0' tag='856'>
        <subfield code='y'>Full text available via the UNC-Chapel Hill Libraries</subfield>
        <subfield code='u'>http://libproxy.lib.unc.edu/login?url=http://dx.doi.org/10.1017/CBO9780511536120</subfield>
        <subfield code='x'>Cambridge University Press ebook</subfield>
      </datafield>
      <datafield ind1=' ' ind2=' ' tag='907'>
        <subfield code='a'>b7145517</subfield>
      </datafield>
  </record>