
  <record>
    <leader>00000nam  2200157oa 4500</leader>
      <controlfield tag='008'>040913s2004    xxu          f000 0 eng d</controlfield>
      <controlfield tag='001'>tmp97332513</controlfield>
      <datafield ind1=' ' ind2=' ' tag='040'>
        <subfield code='a'>MvI</subfield>
        <subfield code='c'>MvI</subfield>
      </datafield>
      <datafield ind1=' ' ind2=' ' tag='074'>
        <subfield code='a'>1040-A</subfield>
      </datafield>
      <datafield ind1='0' ind2=' ' tag='086'>
        <subfield code='a'>Y 4.EN 2:S.HRG.108-568</subfield>
      </datafield>
      <datafield ind1='0' ind2='0' tag='245'>
        <subfield code='a'>Wildland Fire Impacts in 2003 and Wildfire Preparedness in 2004, S. Hrg. 108-568, May 11, 2004, 108-2 Hearing, *</subfield>
      </datafield>
      <datafield ind1=' ' ind2=' ' tag='260'>
        <subfield code='a'>[S.l. :</subfield>
        <subfield code='b'>s.n.,</subfield>
        <subfield code='c'>2004?]</subfield>
      </datafield>
      <datafield ind1=' ' ind2=' ' tag='500'>
        <subfield code='a'>Shipping List #: 2004-0263-P</subfield>
      </datafield>
      <datafield ind1=' ' ind2=' ' tag='500'>
        <subfield code='a'>Shipping List Date: 09/09/2004</subfield>
      </datafield>
      <datafield ind1='1' ind2=' ' tag='710'>
        <subfield code='a'>United States.</subfield>
        <subfield code='b'>Congress.</subfield>
        <subfield code='b'>Senate.</subfield>
        <subfield code='b'>Committee on Energy and Natural Resources.</subfield>
      </datafield>
      <datafield ind1=' ' ind2=' ' tag='907'>
        <subfield code='a'>b4528284</subfield>
      </datafield>
      <datafield ind1='9' ind2='1' tag='999'>
        <subfield code='i'>i6108729</subfield>
        <subfield code='l'>dcpf</subfield>
        <subfield code='s'>-</subfield>
        <subfield code='t'>20</subfield>
        <subfield code='c'>1</subfield>
        <subfield code='o'>0</subfield>
        <subfield code='b'>00023978518</subfield>
        <subfield code='p'>086</subfield>
        <subfield code='q'>|aY 4.EN 2:S.HRG.108-568</subfield>
      </datafield>
  </record>