
  <record>
    <leader>00000nam a2200361 a 4500</leader>
      <controlfield tag='008'>921204s1984    dcua    bb   f000 0 eng d</controlfield>
      <controlfield tag='007'>he-bmb024bbca</controlfield>
      <controlfield tag='001'>27062983</controlfield>
      <controlfield tag='005'>19930125083036.0</controlfield>
      <datafield ind1=' ' ind2=' ' tag='035'>
        <subfield code='a'>(GPO)93063318</subfield>
      </datafield>
      <datafield ind1=' ' ind2=' ' tag='040'>
        <subfield code='d'>GPO</subfield>
        <subfield code='d'>DLC</subfield>
      </datafield>
      <datafield ind1=' ' ind2=' ' tag='043'>
        <subfield code='a'>n-us---</subfield>
      </datafield>
      <datafield ind1=' ' ind2=' ' tag='074'>
        <subfield code='a'>0749-D (MF)</subfield>
      </datafield>
      <datafield ind1='0' ind2=' ' tag='086'>
        <subfield code='a'>L 29.15:15</subfield>
      </datafield>
      <datafield ind1='1' ind2=' ' tag='100'>
        <subfield code='a'>Bednarzik, Robert W.,</subfield>
        <subfield code='d'>1944-</subfield>
      </datafield>
      <datafield ind1='1' ind2='4' tag='245'>
        <subfield code='a'>The effectiveness of trade-related worker adjustment policies in the United States</subfield>
        <subfield code='h'>[microform] /</subfield>
        <subfield code='c'>by Robert W. Bednarzik and James A. Orr.</subfield>
      </datafield>
      <datafield ind1='3' ind2=' ' tag='246'>
        <subfield code='a'>Effectiveness of trade related worker adjustment policies in the United States</subfield>
      </datafield>
      <datafield ind1=' ' ind2=' ' tag='260'>
        <subfield code='a'>[Washington, D.C.?] :</subfield>
        <subfield code='b'>U.S. Dept. of Labor, Bureau of International Labor Affairs,</subfield>
        <subfield code='c'>[1984]</subfield>
      </datafield>
      <datafield ind1=' ' ind2=' ' tag='300'>
        <subfield code='a'>40 p. :</subfield>
        <subfield code='b'>ill. ;</subfield>
        <subfield code='c'>28 cm.</subfield>
      </datafield>
      <datafield ind1=' ' ind2=' ' tag='500'>
        <subfield code='a'>Distributed to depository libraries in microfiche.</subfield>
      </datafield>
      <datafield ind1=' ' ind2=' ' tag='500'>
        <subfield code='a'>Shipping list no.: 92-1886-M.</subfield>
      </datafield>
      <datafield ind1=' ' ind2=' ' tag='500'>
        <subfield code='a'>&quot;February 1984.&quot;</subfield>
      </datafield>
      <datafield ind1=' ' ind2=' ' tag='504'>
        <subfield code='a'>Includes bibliographical references.</subfield>
      </datafield>
      <datafield ind1=' ' ind2=' ' tag='533'>
        <subfield code='a'>Microfiche.</subfield>
        <subfield code='b'>[Washington, D.C.?] :</subfield>
        <subfield code='c'>Supt. of Docs., U.S. G.P.O.,</subfield>
        <subfield code='d'>[1992]</subfield>
        <subfield code='e'>1 microfiche : negative.</subfield>
      </datafield>
      <datafield ind1=' ' ind2='0' tag='650'>
        <subfield code='a'>Trade adjustment assistance</subfield>
        <subfield code='z'>United States.</subfield>
      </datafield>
      <datafield ind1=' ' ind2='0' tag='650'>
        <subfield code='a'>Foreign trade and employment</subfield>
        <subfield code='x'>Government policy</subfield>
        <subfield code='z'>United States.</subfield>
      </datafield>
      <datafield ind1='1' ind2=' ' tag='700'>
        <subfield code='a'>Orr, James</subfield>
        <subfield code='q'>(James A.)</subfield>
      </datafield>
      <datafield ind1='1' ind2=' ' tag='710'>
        <subfield code='a'>United States.</subfield>
        <subfield code='b'>Bureau of International Labor Affairs.</subfield>
      </datafield>
      <datafield ind1=' ' ind2='0' tag='830'>
        <subfield code='a'>Economic discussion paper ;</subfield>
        <subfield code='v'>15.</subfield>
      </datafield>
      <datafield ind1=' ' ind2=' ' tag='907'>
        <subfield code='a'>b3644015</subfield>
      </datafield>
      <datafield ind1='9' ind2='1' tag='999'>
        <subfield code='i'>i5087210</subfield>
        <subfield code='l'>dcpfb</subfield>
        <subfield code='s'>-</subfield>
        <subfield code='t'>20</subfield>
        <subfield code='c'>1</subfield>
        <subfield code='o'>0</subfield>
        <subfield code='b'>HBBE-8105-00001</subfield>
        <subfield code='p'>086</subfield>
        <subfield code='q'>|aL 29.15:15</subfield>
      </datafield>
  </record>