
  <record>
    <leader>00000cam  2200229Ia 4500</leader>
      <controlfield tag='008'>020204s2000    fr ab         001 0 fre d</controlfield>
      <controlfield tag='001'>48926606</controlfield>
      <controlfield tag='005'>20030904170158.0</controlfield>
      <datafield ind1=' ' ind2=' ' tag='020'>
        <subfield code='a'>2845740050</subfield>
      </datafield>
      <datafield ind1=' ' ind2=' ' tag='040'>
        <subfield code='a'>EMU</subfield>
        <subfield code='c'>EMU</subfield>
        <subfield code='d'>OCLCQ</subfield>
        <subfield code='d'>NOC</subfield>
      </datafield>
      <datafield ind1='0' ind2=' ' tag='041'>
        <subfield code='a'>freger</subfield>
      </datafield>
      <datafield ind1='1' ind2=' ' tag='100'>
        <subfield code='a'>Matzen, Raymond.</subfield>
      </datafield>
      <datafield ind1='1' ind2='0' tag='245'>
        <subfield code='a'>Dictionnaire trilingue des gros mots alsaciens :</subfield>
        <subfield code='b'>dialecte-fraņais-allemand : cartes géolinguistiques et index = elsässisches Schimpf- und Fluchwörterbuch : Mundart-Französisch-Deutsch : Sprachkarten und Register /</subfield>
        <subfield code='c'>Raymond Matzen ; illustrations Charly Barat.</subfield>
      </datafield>
      <datafield ind1=' ' ind2=' ' tag='260'>
        <subfield code='a'>[Strasbourg] :</subfield>
        <subfield code='b'>Le Verger,</subfield>
        <subfield code='c'>[2000]</subfield>
      </datafield>
      <datafield ind1=' ' ind2=' ' tag='300'>
        <subfield code='a'>447 p. :</subfield>
        <subfield code='b'>ill., maps ;</subfield>
        <subfield code='c'>24 cm.</subfield>
      </datafield>
      <datafield ind1=' ' ind2=' ' tag='500'>
        <subfield code='a'>Includes index.</subfield>
      </datafield>
      <datafield ind1=' ' ind2='0' tag='650'>
        <subfield code='a'>German language</subfield>
        <subfield code='x'>Dialects</subfield>
        <subfield code='z'>France</subfield>
        <subfield code='z'>Alsace</subfield>
        <subfield code='v'>Dictionaries</subfield>
        <subfield code='x'>French.</subfield>
      </datafield>
      <datafield ind1=' ' ind2='0' tag='650'>
        <subfield code='a'>German language</subfield>
        <subfield code='x'>Slang</subfield>
        <subfield code='v'>Dictionaries</subfield>
        <subfield code='x'>French.</subfield>
      </datafield>
      <datafield ind1=' ' ind2='0' tag='650'>
        <subfield code='a'>Invective</subfield>
        <subfield code='z'>France</subfield>
        <subfield code='z'>Alsace.</subfield>
      </datafield>
      <datafield ind1=' ' ind2=' ' tag='907'>
        <subfield code='a'>b4336369</subfield>
      </datafield>
      <datafield ind1='9' ind2='1' tag='999'>
        <subfield code='i'>i5919058</subfield>
        <subfield code='l'>ddda</subfield>
        <subfield code='s'>-</subfield>
        <subfield code='t'>0</subfield>
        <subfield code='c'>1</subfield>
        <subfield code='o'>0</subfield>
        <subfield code='b'>00022727505</subfield>
        <subfield code='p'>090</subfield>
        <subfield code='q'>|aPF5246 .M38 2000</subfield>
      </datafield>
  </record>