
  <record>
    <leader>00000nam a2200553 i 4500</leader>
      <controlfield tag='006'>m     o  d f</controlfield>
      <controlfield tag='007'>cr |||||||||||</controlfield>
      <controlfield tag='008'>120924s2012    dcu     ob   f000 0 eng c</controlfield>
      <controlfield tag='001'>810953611</controlfield>
      <controlfield tag='003'>OCoLC</controlfield>
      <controlfield tag='005'>20170130084105.0</controlfield>
      <datafield ind1=' ' ind2=' ' tag='040'>
        <subfield code='a'>EMU</subfield>
        <subfield code='b'>eng</subfield>
        <subfield code='e'>rda</subfield>
        <subfield code='e'>pn</subfield>
        <subfield code='c'>EMU</subfield>
        <subfield code='d'>OCLCF</subfield>
        <subfield code='d'>EMU</subfield>
        <subfield code='d'>OCLCQ</subfield>
        <subfield code='d'>GPO</subfield>
        <subfield code='d'>MvI</subfield>
      </datafield>
      <datafield ind1=' ' ind2=' ' tag='042'>
        <subfield code='a'>pcc</subfield>
      </datafield>
      <datafield ind1=' ' ind2=' ' tag='074'>
        <subfield code='a'>0378-H-32 (online)</subfield>
      </datafield>
      <datafield ind1='0' ind2=' ' tag='086'>
        <subfield code='a'>D 5.417/6:5</subfield>
      </datafield>
      <datafield ind1='1' ind2=' ' tag='100'>
        <subfield code='a'>Schulte, Gregory L.,</subfield>
        <subfield code='e'>author.</subfield>
      </datafield>
      <datafield ind1='1' ind2='0' tag='245'>
        <subfield code='a'>Protecting NATO&apos;s advantage in space /</subfield>
        <subfield code='c'>by Gregory L. Schulte.</subfield>
      </datafield>
      <datafield ind1=' ' ind2='1' tag='264'>
        <subfield code='a'>[Washington, D.C.] :</subfield>
        <subfield code='b'>Institute for National Strategic Studies, National Defense University,</subfield>
        <subfield code='c'>2012.</subfield>
      </datafield>
      <datafield ind1=' ' ind2=' ' tag='300'>
        <subfield code='a'>1 online resource (6 pages).</subfield>
      </datafield>
      <datafield ind1=' ' ind2=' ' tag='336'>
        <subfield code='a'>text</subfield>
        <subfield code='b'>txt</subfield>
        <subfield code='2'>rdacontent</subfield>
      </datafield>
      <datafield ind1=' ' ind2=' ' tag='337'>
        <subfield code='a'>computer</subfield>
        <subfield code='b'>c</subfield>
        <subfield code='2'>rdamedia</subfield>
      </datafield>
      <datafield ind1=' ' ind2=' ' tag='338'>
        <subfield code='a'>online resource</subfield>
        <subfield code='b'>cr</subfield>
        <subfield code='2'>rdacarrier</subfield>
      </datafield>
      <datafield ind1=' ' ind2=' ' tag='500'>
        <subfield code='a'>&quot;May 2012.&quot;</subfield>
      </datafield>
      <datafield ind1=' ' ind2=' ' tag='504'>
        <subfield code='a'>Includes bibliographical references (page 5).</subfield>
      </datafield>
      <datafield ind1='0' ind2=' ' tag='588'>
        <subfield code='a'>Online resource; title from PDF caption (NDU, viewed Sep 24, 2012).</subfield>
      </datafield>
      <datafield ind1='2' ind2='0' tag='610'>
        <subfield code='a'>North Atlantic Treaty Organization.</subfield>
      </datafield>
      <datafield ind1='2' ind2='7' tag='610'>
        <subfield code='a'>North Atlantic Treaty Organization.</subfield>
        <subfield code='2'>fast</subfield>
        <subfield code='0'>(OCoLC)fst00529467</subfield>
      </datafield>
      <datafield ind1=' ' ind2='0' tag='650'>
        <subfield code='a'>Space surveillance.</subfield>
      </datafield>
      <datafield ind1=' ' ind2='0' tag='650'>
        <subfield code='a'>Astronautics, Military.</subfield>
      </datafield>
      <datafield ind1=' ' ind2='0' tag='650'>
        <subfield code='a'>Space weapons.</subfield>
      </datafield>
      <datafield ind1=' ' ind2='0' tag='650'>
        <subfield code='a'>Security, International.</subfield>
      </datafield>
      <datafield ind1=' ' ind2='7' tag='650'>
        <subfield code='a'>Astronautics, Military.</subfield>
        <subfield code='2'>fast</subfield>
        <subfield code='0'>(OCoLC)fst00819604</subfield>
      </datafield>
      <datafield ind1=' ' ind2='7' tag='650'>
        <subfield code='a'>Security, International.</subfield>
        <subfield code='2'>fast</subfield>
        <subfield code='0'>(OCoLC)fst01110895</subfield>
      </datafield>
      <datafield ind1=' ' ind2='7' tag='650'>
        <subfield code='a'>Space surveillance.</subfield>
        <subfield code='2'>fast</subfield>
        <subfield code='0'>(OCoLC)fst01127934</subfield>
      </datafield>
      <datafield ind1='2' ind2=' ' tag='710'>
        <subfield code='a'>National Defense University.</subfield>
        <subfield code='b'>Institute for National Strategic Studies.</subfield>
      </datafield>
      <datafield ind1='2' ind2=' ' tag='710'>
        <subfield code='a'>National Defense University.</subfield>
        <subfield code='b'>Institute for National Strategic Studies.</subfield>
        <subfield code='b'>Center for Transatlantic Security Studies,</subfield>
        <subfield code='e'>issuing body.</subfield>
      </datafield>
      <datafield ind1='0' ind2='8' tag='776'>
        <subfield code='i'>Print version:</subfield>
        <subfield code='a'>Schulte, Gregory L.</subfield>
        <subfield code='t'>Protecting NATO&apos;s advantage in space</subfield>
        <subfield code='w'>(OCoLC)970658957</subfield>
      </datafield>
      <datafield ind1=' ' ind2='0' tag='830'>
        <subfield code='a'>Transatlantic current ;</subfield>
        <subfield code='v'>no. 5.</subfield>
      </datafield>
      <datafield ind1='4' ind2='0' tag='856'>
        <subfield code='u'>http://purl.fdlp.gov/GPO/gpo76982</subfield>
      </datafield>
      <datafield ind1=' ' ind2=' ' tag='919'>
        <subfield code='a'>dwsgpo</subfield>
      </datafield>
      <datafield ind1=' ' ind2=' ' tag='907'>
        <subfield code='a'>b8739392</subfield>
      </datafield>
  </record>