
  <record>
    <leader>00000cam  2200337 a 4500</leader>
      <controlfield tag='006'>m    |   d |</controlfield>
      <controlfield tag='008'>810601s1800    ctu     o     000 0 eng d</controlfield>
      <controlfield tag='007'>cr mn mmmmabba</controlfield>
      <controlfield tag='001'>aas03010210</controlfield>
      <controlfield tag='005'>20021212174057.0</controlfield>
      <datafield ind1=' ' ind2=' ' tag='040'>
        <subfield code='a'>MWA</subfield>
        <subfield code='c'>MWA</subfield>
        <subfield code='e'>bdrb</subfield>
      </datafield>
      <datafield ind1='2' ind2=' ' tag='110'>
        <subfield code='a'>Yale College (1718-1887)</subfield>
      </datafield>
      <datafield ind1='1' ind2='0' tag='245'>
        <subfield code='a'>Catalogue of the members of Yale College, in New-Haven, November, M,DCCC</subfield>
        <subfield code='h'>[electronic resource].</subfield>
      </datafield>
      <datafield ind1=' ' ind2=' ' tag='260'>
        <subfield code='a'>New Haven: :</subfield>
        <subfield code='b'>Printed by Read &amp; Morse.,</subfield>
        <subfield code='c'>[1800]</subfield>
      </datafield>
      <datafield ind1=' ' ind2=' ' tag='300'>
        <subfield code='a'>1 online resource (1 sheet ([1] p.))</subfield>
      </datafield>
      <datafield ind1=' ' ind2=' ' tag='500'>
        <subfield code='a'>Text in three columns; printed area measures 52.4 x 31.4 cm.</subfield>
      </datafield>
      <datafield ind1='1' ind2=' ' tag='506'>
        <subfield code='a'>Access limited to UNC Chapel Hill-authenticated users.</subfield>
        <subfield code='f'>Unlimited simultaneous users</subfield>
      </datafield>
      <datafield ind1='4' ind2=' ' tag='510'>
        <subfield code='a'>Evans</subfield>
        <subfield code='c'>39152</subfield>
      </datafield>
      <datafield ind1=' ' ind2=' ' tag='588'>
        <subfield code='a'>Description based on microform record.</subfield>
      </datafield>
      <datafield ind1='2' ind2='0' tag='610'>
        <subfield code='a'>Yale College (1718-1887)</subfield>
        <subfield code='v'>Registers.</subfield>
      </datafield>
      <datafield ind1=' ' ind2='7' tag='655'>
        <subfield code='a'>Broadsides.</subfield>
        <subfield code='2'>rbgenr</subfield>
      </datafield>
      <datafield ind1=' ' ind2='7' tag='655'>
        <subfield code='a'>College catalogues.</subfield>
        <subfield code='2'>rbgenr</subfield>
      </datafield>
      <datafield ind1=' ' ind2=' ' tag='752'>
        <subfield code='a'>United States</subfield>
        <subfield code='b'>Connecticut</subfield>
        <subfield code='d'>New Haven.</subfield>
      </datafield>
      <datafield ind1='0' ind2=' ' tag='773'>
        <subfield code='t'>Early American imprints, series 1: Evans (online collection)</subfield>
      </datafield>
      <datafield ind1='4' ind2='0' tag='856'>
        <subfield code='y'>Full text available via the UNC-Chapel Hill Libraries</subfield>
        <subfield code='u'>http://libproxy.lib.unc.edu/login?url=http://opac.newsbank.com/select/evans/39152</subfield>
      </datafield>
      <datafield ind1=' ' ind2=' ' tag='907'>
        <subfield code='a'>b6696746</subfield>
      </datafield>
  </record>