
  <record>
    <leader>00000cam  2200277Ia 4500</leader>
      <controlfield tag='008'>950822s1533    fr      a     001 0 lat d</controlfield>
      <controlfield tag='007'>hd afu---buca</controlfield>
      <controlfield tag='001'>33422775</controlfield>
      <controlfield tag='003'>OCoLC</controlfield>
      <controlfield tag='005'>20050726084734.0</controlfield>
      <datafield ind1=' ' ind2=' ' tag='035'>
        <subfield code='a'>(OCoLC)33422775</subfield>
      </datafield>
      <datafield ind1=' ' ind2=' ' tag='040'>
        <subfield code='a'>JHE</subfield>
        <subfield code='c'>JHE</subfield>
        <subfield code='d'>OCL</subfield>
        <subfield code='d'>OCLCQ</subfield>
        <subfield code='d'>NOC</subfield>
      </datafield>
      <datafield ind1=' ' ind2=' ' tag='049'>
        <subfield code='a'>[Micro-][film]NOCF</subfield>
      </datafield>
      <datafield ind1='1' ind2=' ' tag='100'>
        <subfield code='a'>Agricola, Georg,</subfield>
        <subfield code='d'>1494-1555.</subfield>
      </datafield>
      <datafield ind1='1' ind2='0' tag='245'>
        <subfield code='a'>Georgii Agricolae medici libri quinque de mensuris &amp; ponderibus</subfield>
        <subfield code='h'>[microform] :</subfield>
        <subfield code='b'>in quibus plaeraque à Budaeo &amp; Portio parum animaduersa diligenter excutiuntur.</subfield>
      </datafield>
      <datafield ind1='3' ind2='0' tag='246'>
        <subfield code='a'>Medici libri quinque de mensuris et poneribus</subfield>
      </datafield>
      <datafield ind1=' ' ind2=' ' tag='260'>
        <subfield code='a'>Parisiis :</subfield>
        <subfield code='b'>Excudebat Christianus Wechelus ...,</subfield>
        <subfield code='c'>anno 1533.</subfield>
      </datafield>
      <datafield ind1=' ' ind2=' ' tag='300'>
        <subfield code='a'>261, [5] p.</subfield>
      </datafield>
      <datafield ind1=' ' ind2=' ' tag='500'>
        <subfield code='a'>&quot;Opus nunc primum in lucem aeditum.&quot;</subfield>
      </datafield>
      <datafield ind1=' ' ind2=' ' tag='500'>
        <subfield code='a'>Includes index.</subfield>
      </datafield>
      <datafield ind1=' ' ind2=' ' tag='533'>
        <subfield code='a'>Microfilm.</subfield>
        <subfield code='b'>[St. Louis,  Mo. :</subfield>
        <subfield code='c'>St. Louis University, Pius XII Memorial Library, Vatican Film Library,</subfield>
        <subfield code='d'>1959].</subfield>
        <subfield code='e'>On 1 microfilm reel with other items ; 35 mm.</subfield>
        <subfield code='f'>([Microfilms of rare and out-of-print books ; list 10, reel 10, pos. 6]).</subfield>
        <subfield code='7'>s1959    moun a</subfield>
      </datafield>
      <datafield ind1=' ' ind2='0' tag='650'>
        <subfield code='a'>Weights and measures</subfield>
        <subfield code='v'>Early works to 1800.</subfield>
      </datafield>
      <datafield ind1=' ' ind2='0' tag='830'>
        <subfield code='a'>Microfilms of rare and out-of-print books ;</subfield>
        <subfield code='v'>list 10, reel 10, pos. 6.</subfield>
      </datafield>
      <datafield ind1=' ' ind2=' ' tag='907'>
        <subfield code='a'>b4748350</subfield>
      </datafield>
      <datafield ind1='9' ind2='1' tag='999'>
        <subfield code='i'>i6244905</subfield>
        <subfield code='l'>dgdaa</subfield>
        <subfield code='s'>-</subfield>
        <subfield code='t'>28</subfield>
        <subfield code='c'>1</subfield>
        <subfield code='o'>0</subfield>
        <subfield code='p'>099</subfield>
        <subfield code='q'>|a080|aS145m|aSer. 10|areel 10|apos. 1-7</subfield>
        <subfield code='v'>Ser.10:reel 10:pos.1-7</subfield>
      </datafield>
  </record>