
  <record>
    <leader>00000cam a2200205Ia 4500</leader>
      <controlfield tag='008'>820625s1980    xx a     c    000 0 ger d</controlfield>
      <controlfield tag='001'>8550057</controlfield>
      <controlfield tag='005'>19820625000000.0</controlfield>
      <datafield ind1=' ' ind2=' ' tag='040'>
        <subfield code='a'>NOC</subfield>
        <subfield code='c'>NOC</subfield>
      </datafield>
      <datafield ind1='0' ind2='0' tag='245'>
        <subfield code='a'>Grosse Düsseldorfer Kunstausstellung :</subfield>
        <subfield code='b'>vom 30. November 1980 bis 1. Januar 1981 ... Kunstpalast Düsseldorf Ehrenhof /</subfield>
        <subfield code='c'>Organisation, Verein zur Veranstaltung von Kunstausstellungen.</subfield>
      </datafield>
      <datafield ind1=' ' ind2=' ' tag='260'>
        <subfield code='a'>[S.l.</subfield>
        <subfield code='b'>: s.n.</subfield>
        <subfield code='c'>1980?]</subfield>
        <subfield code='e'>(Düsseldorf :</subfield>
        <subfield code='f'>Offset und Werbedruck Richard May)</subfield>
      </datafield>
      <datafield ind1=' ' ind2=' ' tag='300'>
        <subfield code='a'>ca. 350 p. :</subfield>
        <subfield code='b'>ill. ;</subfield>
        <subfield code='c'>20 cm.</subfield>
      </datafield>
      <datafield ind1=' ' ind2='0' tag='650'>
        <subfield code='a'>Art, German</subfield>
        <subfield code='z'>Germany</subfield>
        <subfield code='z'>North Rhine-Westphalia</subfield>
        <subfield code='y'>20th century</subfield>
        <subfield code='v'>Exhibitions.</subfield>
      </datafield>
      <datafield ind1='2' ind2=' ' tag='710'>
        <subfield code='a'>Verein zur Veranstaltung von Kunstausstellungen (Düsseldorf, Germany)</subfield>
      </datafield>
      <datafield ind1=' ' ind2=' ' tag='907'>
        <subfield code='a'>b1832835</subfield>
      </datafield>
      <datafield ind1='9' ind2='1' tag='999'>
        <subfield code='i'>i2647952</subfield>
        <subfield code='l'>trln</subfield>
        <subfield code='s'>-</subfield>
        <subfield code='t'>0</subfield>
        <subfield code='c'>1</subfield>
        <subfield code='o'>1</subfield>
        <subfield code='b'>00001227746</subfield>
        <subfield code='p'>090</subfield>
        <subfield code='q'>|aN6879 .G78 1980</subfield>
      </datafield>
  </record>