
  <record>
    <leader>00000nam a2200349 ia4500</leader>
      <controlfield tag='006'>m    fo  d f</controlfield>
      <controlfield tag='007'>cr bn nnnauuuu</controlfield>
      <controlfield tag='008'>130918s1960    dcua    o    f000 0 eng d</controlfield>
      <controlfield tag='001'>ccn00405776</controlfield>
      <datafield ind1=' ' ind2=' ' tag='040'>
        <subfield code='e'>rda</subfield>
      </datafield>
      <datafield ind1=' ' ind2=' ' tag='043'>
        <subfield code='a'>n-us---</subfield>
      </datafield>
      <datafield ind1=' ' ind2='4' tag='050'>
        <subfield code='a'>KF27</subfield>
        <subfield code='b'>.I55 1960j</subfield>
      </datafield>
      <datafield ind1='0' ind2=' ' tag='086'>
        <subfield code='a'>Y 4.IN 8/4:C 73/18</subfield>
      </datafield>
      <datafield ind1='1' ind2=' ' tag='110'>
        <subfield code='a'>United States.</subfield>
        <subfield code='b'>Congress.</subfield>
        <subfield code='b'>House.</subfield>
        <subfield code='b'>Committee on Interstate and Foreign Commerce,</subfield>
        <subfield code='e'>author.</subfield>
      </datafield>
      <datafield ind1='1' ind2='0' tag='245'>
        <subfield code='a'>Ex parte communications and other problems (Federal Power Commission) :</subfield>
        <subfield code='b'>hearings before a subcommittee of the Committee on Interstate and Foreign Commerce, House of Representatives, Eighty-sixth Congress, second session on ex parte communications; suspensions, refunds, and negotiated settlements in pipeline rate cases; and charges for outside professional services, May 10, 11, 12, 13, 16, 17, 18, 19, 20, 23, and 24, 1960.</subfield>
      </datafield>
      <datafield ind1=' ' ind2='1' tag='264'>
        <subfield code='a'>Washington :</subfield>
        <subfield code='b'>United States Government Printing Office,</subfield>
        <subfield code='c'>1960.</subfield>
      </datafield>
      <datafield ind1=' ' ind2='2' tag='264'>
        <subfield code='a'>[Getzville, NY] :</subfield>
        <subfield code='b'>William S. Hein &amp; Company,</subfield>
        <subfield code='c'>[2013]</subfield>
      </datafield>
      <datafield ind1=' ' ind2=' ' tag='300'>
        <subfield code='a'>1 online resource (iv, 777 pages) :</subfield>
        <subfield code='b'>illustrations.</subfield>
      </datafield>
      <datafield ind1=' ' ind2=' ' tag='336'>
        <subfield code='a'>text</subfield>
        <subfield code='2'>rdacontent</subfield>
      </datafield>
      <datafield ind1=' ' ind2=' ' tag='337'>
        <subfield code='a'>computer</subfield>
        <subfield code='2'>rdamedia</subfield>
      </datafield>
      <datafield ind1=' ' ind2=' ' tag='338'>
        <subfield code='a'>online resource</subfield>
        <subfield code='2'>rdacarrier</subfield>
      </datafield>
      <datafield ind1=' ' ind2=' ' tag='588'>
        <subfield code='a'>Description based on PDF title page, viewed September 18, 2013.</subfield>
      </datafield>
      <datafield ind1='1' ind2='0' tag='610'>
        <subfield code='a'>United States.</subfield>
        <subfield code='b'>Federal Power Commission.</subfield>
      </datafield>
      <datafield ind1='1' ind2='0' tag='650'>
        <subfield code='a'>Natural gas</subfield>
        <subfield code='z'>United States.</subfield>
      </datafield>
      <datafield ind1=' ' ind2='7' tag='655'>
        <subfield code='a'>Electronic books.</subfield>
        <subfield code='2'>lcgft</subfield>
      </datafield>
      <datafield ind1='0' ind2='8' tag='776'>
        <subfield code='c'>Original</subfield>
        <subfield code='w'>(DLC)   60064730</subfield>
      </datafield>
      <datafield ind1=' ' ind2='0' tag='830'>
        <subfield code='a'>U.S. Congressional documents.</subfield>
        <subfield code='p'>Congressional hearings.</subfield>
      </datafield>
      <datafield ind1='4' ind2='0' tag='856'>
        <subfield code='3'>HeinOnline U.S. Congressional Documents Collection</subfield>
        <subfield code='u'>http://libproxy.lib.unc.edu/login?url=http://www.heinonline.org/HOL/Page?handle=hein.cbhear/aphaakb0001&amp;id=1&amp;size=2&amp;collection=congrec&amp;index=cbhear</subfield>
        <subfield code='y'>Full text available via the UNC-Chapel Hill Libraries</subfield>
      </datafield>
      <datafield ind1=' ' ind2=' ' tag='907'>
        <subfield code='a'>b7600209</subfield>
      </datafield>
  </record>