
  <record>
    <leader>00000cam  2200289Ii 4500</leader>
      <controlfield tag='008'>761207s1976    mdua         f000 0 eng d</controlfield>
      <controlfield tag='001'>2604889</controlfield>
      <controlfield tag='005'>19901017153617.8</controlfield>
      <datafield ind1=' ' ind2=' ' tag='040'>
        <subfield code='a'>GPO</subfield>
        <subfield code='c'>GPO</subfield>
        <subfield code='d'>TVJ</subfield>
        <subfield code='d'>NOH</subfield>
      </datafield>
      <datafield ind1=' ' ind2=' ' tag='060'>
        <subfield code='a'>WU 77 U614a 1976</subfield>
      </datafield>
      <datafield ind1='0' ind2=' ' tag='086'>
        <subfield code='a'>HE 20.6608:Ap 6</subfield>
      </datafield>
      <datafield ind1='1' ind2=' ' tag='110'>
        <subfield code='a'>United States.</subfield>
        <subfield code='b'>Health Resources Administration.</subfield>
        <subfield code='b'>Division of Dentistry.</subfield>
      </datafield>
      <datafield ind1='1' ind2='0' tag='245'>
        <subfield code='a'>Appointment control in a team dental practice.</subfield>
      </datafield>
      <datafield ind1=' ' ind2=' ' tag='260'>
        <subfield code='a'>Bethesda, Md. :</subfield>
        <subfield code='b'>U.S. Dept. of Health, Education, and Welfare, Public Health Service, Health Resources Administration, Bureau of Health Manpower, Division of Dentistry ;</subfield>
        <subfield code='a'>Washington :</subfield>
        <subfield code='b'>for sale by the Supt. of Docs., U.S. Govt. Print. Off.,</subfield>
        <subfield code='c'>1976.</subfield>
      </datafield>
      <datafield ind1=' ' ind2=' ' tag='300'>
        <subfield code='a'>iii, 38 p. :</subfield>
        <subfield code='b'>ill. ;</subfield>
        <subfield code='c'>23 cm.</subfield>
      </datafield>
      <datafield ind1=' ' ind2='2' tag='650'>
        <subfield code='a'>Appointments and Schedules.</subfield>
      </datafield>
      <datafield ind1=' ' ind2='0' tag='650'>
        <subfield code='a'>Dentistry</subfield>
        <subfield code='x'>Practice</subfield>
        <subfield code='z'>United States.</subfield>
      </datafield>
      <datafield ind1=' ' ind2='2' tag='650'>
        <subfield code='a'>Patient Care Team.</subfield>
      </datafield>
      <datafield ind1=' ' ind2='2' tag='650'>
        <subfield code='a'>Practice Management, Dental.</subfield>
      </datafield>
      <datafield ind1=' ' ind2='0' tag='830'>
        <subfield code='a'>DHEW publication ;</subfield>
        <subfield code='v'>no. (HRA) 77-16.</subfield>
      </datafield>
      <datafield ind1=' ' ind2='0' tag='830'>
        <subfield code='a'>Health manpower references.</subfield>
      </datafield>
      <datafield ind1=' ' ind2=' ' tag='907'>
        <subfield code='a'>b1414882</subfield>
      </datafield>
      <datafield ind1='9' ind2='1' tag='999'>
        <subfield code='i'>i1963314</subfield>
        <subfield code='l'>dcpf</subfield>
        <subfield code='s'>-</subfield>
        <subfield code='t'>20</subfield>
        <subfield code='c'>1</subfield>
        <subfield code='o'>0</subfield>
        <subfield code='b'>HBAN-8338-00001</subfield>
        <subfield code='p'>086</subfield>
        <subfield code='q'>|aHE 20.6608:Ap 6</subfield>
      </datafield>
      <datafield ind1='9' ind2='1' tag='999'>
        <subfield code='i'>i1963313</subfield>
        <subfield code='l'>nohh</subfield>
        <subfield code='s'>-</subfield>
        <subfield code='t'>0</subfield>
        <subfield code='c'>1</subfield>
        <subfield code='o'>2</subfield>
        <subfield code='b'>H00139993Y</subfield>
        <subfield code='p'>096</subfield>
        <subfield code='q'>|aWU 77|bU58a 1976</subfield>
      </datafield>
  </record>