
  <record>
    <leader>00000nam a2200253   4500</leader>
      <controlfield tag='008'>791208s1794    enk|||| a     00| ||eng d</controlfield>
      <controlfield tag='001'>M-ESTCT83961</controlfield>
      <controlfield tag='005'>19961112112658.0</controlfield>
      <datafield ind1=' ' ind2=' ' tag='040'>
        <subfield code='a'>Uk-ES</subfield>
        <subfield code='c'>Uk-ES</subfield>
        <subfield code='d'>CStRLIN</subfield>
        <subfield code='d'>ResP</subfield>
      </datafield>
      <datafield ind1='1' ind2=' ' tag='100'>
        <subfield code='a'>Johnson, Samuel,</subfield>
        <subfield code='d'>1709-1784.</subfield>
      </datafield>
      <datafield ind1='1' ind2='0' tag='240'>
        <subfield code='a'>Dictionary of the English language</subfield>
        <subfield code='s'>(Abridgement)</subfield>
      </datafield>
      <datafield ind1='1' ind2='2' tag='245'>
        <subfield code='a'>A dictionary of the English language:</subfield>
        <subfield code='h'>[microform]</subfield>
        <subfield code='b'>in which the words are deduced from their originals, explained in their different meanings, ... Abstracted from the folio edition, by the author, Samuel Johnson, LL.D. To which is prefixed, A grammar of the English language.</subfield>
      </datafield>
      <datafield ind1=' ' ind2=' ' tag='250'>
        <subfield code='a'>The tenth edition.</subfield>
      </datafield>
      <datafield ind1=' ' ind2=' ' tag='260'>
        <subfield code='a'>London :</subfield>
        <subfield code='b'>printed for T. Longman, B. Law and Son, J. Dodsley, J. Robson, C. Dilly [and 12 others in London],</subfield>
        <subfield code='c'>1794.</subfield>
      </datafield>
      <datafield ind1=' ' ind2=' ' tag='300'>
        <subfield code='a'>[960]p. ;</subfield>
        <subfield code='c'>8̕.</subfield>
      </datafield>
      <datafield ind1=' ' ind2=' ' tag='510'>
        <subfield code='a'>Alston V 206</subfield>
      </datafield>
      <datafield ind1=' ' ind2=' ' tag='533'>
        <subfield code='a'>Microfilm.</subfield>
        <subfield code='b'>Woodbridge, CT</subfield>
        <subfield code='c'>Research Publications, Inc.,</subfield>
        <subfield code='d'>1986.</subfield>
        <subfield code='e'>1 reel ; 35mm.</subfield>
        <subfield code='f'>(The Eighteenth Century ; reel 4389, no. 10).</subfield>
      </datafield>
      <datafield ind1=' ' ind2='0' tag='830'>
        <subfield code='a'>Eighteenth century ;</subfield>
        <subfield code='v'>reel 4389, no. 10.</subfield>
      </datafield>
      <datafield ind1=' ' ind2=' ' tag='907'>
        <subfield code='a'>b3886188</subfield>
      </datafield>
      <datafield ind1='9' ind2='1' tag='999'>
        <subfield code='i'>i5368780</subfield>
        <subfield code='l'>dgdaa</subfield>
        <subfield code='s'>-</subfield>
        <subfield code='t'>28</subfield>
        <subfield code='c'>1</subfield>
        <subfield code='o'>0</subfield>
        <subfield code='b'>HBDI-9710-00001</subfield>
        <subfield code='p'>099</subfield>
        <subfield code='q'>|a1-2586 reel 4389, no. 10</subfield>
      </datafield>
  </record>