
  <record>
    <leader>00000cam a2200457 i 4500</leader>
      <controlfield tag='008'>140324s2014    enk      b    001 0 eng  </controlfield>
      <controlfield tag='001'>875674560</controlfield>
      <controlfield tag='003'>OCoLC</controlfield>
      <controlfield tag='005'>20140911070938.9</controlfield>
      <datafield ind1=' ' ind2=' ' tag='010'>
        <subfield code='a'>2014001006</subfield>
      </datafield>
      <datafield ind1=' ' ind2=' ' tag='020'>
        <subfield code='a'>9781472429544 (hardcover : alk. paper)</subfield>
      </datafield>
      <datafield ind1=' ' ind2=' ' tag='020'>
        <subfield code='a'>1472429540 (hardcover : alk. paper)</subfield>
      </datafield>
      <datafield ind1=' ' ind2=' ' tag='020'>
        <subfield code='z'>9781472429551 (ebook)</subfield>
      </datafield>
      <datafield ind1=' ' ind2=' ' tag='020'>
        <subfield code='z'>9781472429568 (epub)</subfield>
      </datafield>
      <datafield ind1=' ' ind2=' ' tag='035'>
        <subfield code='a'>(OCoLC)875674560</subfield>
      </datafield>
      <datafield ind1=' ' ind2=' ' tag='040'>
        <subfield code='a'>DLC</subfield>
        <subfield code='e'>rda</subfield>
        <subfield code='b'>eng</subfield>
        <subfield code='c'>DLC</subfield>
        <subfield code='d'>YDX</subfield>
        <subfield code='d'>YDXCP</subfield>
        <subfield code='d'>BTCTA</subfield>
        <subfield code='d'>ERASA</subfield>
        <subfield code='d'>UKMGB</subfield>
        <subfield code='d'>CDX</subfield>
        <subfield code='d'>DEBSZ</subfield>
      </datafield>
      <datafield ind1=' ' ind2=' ' tag='042'>
        <subfield code='a'>pcc</subfield>
      </datafield>
      <datafield ind1=' ' ind2=' ' tag='043'>
        <subfield code='a'>e------</subfield>
        <subfield code='a'>e-uk-en</subfield>
      </datafield>
      <datafield ind1='0' ind2='0' tag='050'>
        <subfield code='a'>PR756.T72</subfield>
        <subfield code='b'>G48 2014</subfield>
      </datafield>
      <datafield ind1='0' ind2='0' tag='082'>
        <subfield code='a'>820.9/324</subfield>
        <subfield code='2'>23</subfield>
      </datafield>
      <datafield ind1='1' ind2=' ' tag='100'>
        <subfield code='a'>Gephardt, Katarina,</subfield>
        <subfield code='e'>author.</subfield>
      </datafield>
      <datafield ind1='1' ind2='4' tag='245'>
        <subfield code='a'>The idea of Europe in British travel narratives, 1789-1914 /</subfield>
        <subfield code='c'>Katarina Gephardt.</subfield>
      </datafield>
      <datafield ind1=' ' ind2='1' tag='264'>
        <subfield code='a'>Farnham, Surrey ;</subfield>
        <subfield code='a'>Burlington, VT :</subfield>
        <subfield code='b'>Ashgate,</subfield>
        <subfield code='c'>[2014]</subfield>
      </datafield>
      <datafield ind1=' ' ind2=' ' tag='300'>
        <subfield code='a'>x, 238 pages ;</subfield>
        <subfield code='c'>24 cm</subfield>
      </datafield>
      <datafield ind1=' ' ind2=' ' tag='336'>
        <subfield code='a'>text</subfield>
        <subfield code='b'>txt</subfield>
        <subfield code='2'>rdacontent</subfield>
      </datafield>
      <datafield ind1=' ' ind2=' ' tag='337'>
        <subfield code='a'>unmediated</subfield>
        <subfield code='b'>n</subfield>
        <subfield code='2'>rdamedia</subfield>
      </datafield>
      <datafield ind1=' ' ind2=' ' tag='338'>
        <subfield code='a'>volume</subfield>
        <subfield code='b'>nc</subfield>
        <subfield code='2'>rdacarrier</subfield>
      </datafield>
      <datafield ind1=' ' ind2=' ' tag='504'>
        <subfield code='a'>Includes bibliographical references and index.</subfield>
      </datafield>
      <datafield ind1='0' ind2=' ' tag='505'>
        <subfield code='a'>Introduction: imagining the continent -- Hybrid gardens: nationalization of taste, travel writing, and Ann Radcliffe&apos;s Continental landscape -- The occidentalist costume: Lord Byron and travelers&apos; perspectives on Eastern Europe -- From the prison of the nation: tourism, Anglo-Italian dialogue, and mid-Victorian remapping of Italy -- The mirror image: British travel writing and Bram Stoker&apos;s Eastern Europe colonial discourse and the mapping of Eastern Europe in the late nineteenth century -- Postscript &quot;dense Westerners&quot; and persistent peripheries: Edwardian fictions of Europe and beyond.</subfield>
      </datafield>
      <datafield ind1=' ' ind2='0' tag='650'>
        <subfield code='a'>Travelers&apos; writings, English</subfield>
        <subfield code='z'>Europe</subfield>
        <subfield code='x'>History and criticism.</subfield>
      </datafield>
      <datafield ind1=' ' ind2='0' tag='650'>
        <subfield code='a'>English prose literature</subfield>
        <subfield code='y'>19th century</subfield>
        <subfield code='x'>History and criticism.</subfield>
      </datafield>
      <datafield ind1=' ' ind2='0' tag='650'>
        <subfield code='a'>English fiction</subfield>
        <subfield code='y'>19th century</subfield>
        <subfield code='x'>History and criticism.</subfield>
      </datafield>
      <datafield ind1=' ' ind2='0' tag='650'>
        <subfield code='a'>National characteristics in literature.</subfield>
      </datafield>
      <datafield ind1=' ' ind2='0' tag='651'>
        <subfield code='a'>Europe</subfield>
        <subfield code='x'>Description and travel.</subfield>
      </datafield>
      <datafield ind1=' ' ind2='0' tag='651'>
        <subfield code='a'>Europe</subfield>
        <subfield code='x'>In literature.</subfield>
      </datafield>
      <datafield ind1=' ' ind2=' ' tag='907'>
        <subfield code='a'>b7941454</subfield>
      </datafield>
      <datafield ind1='9' ind2='1' tag='999'>
        <subfield code='i'>i10482832</subfield>
        <subfield code='l'>ddda</subfield>
        <subfield code='s'>-</subfield>
        <subfield code='t'>0</subfield>
        <subfield code='c'>1</subfield>
        <subfield code='o'>1</subfield>
        <subfield code='b'>00048207858</subfield>
        <subfield code='p'>050</subfield>
        <subfield code='q'>|aPR756.T72|bG48 2014</subfield>
      </datafield>
  </record>