
  <record>
    <leader>00000ccm  2200265Ii 4500</leader>
      <controlfield tag='008'>800924s1979    mausua         n    zxx d</controlfield>
      <controlfield tag='001'>6747270</controlfield>
      <controlfield tag='005'>19981202124736.0</controlfield>
      <datafield ind1=' ' ind2=' ' tag='040'>
        <subfield code='a'>KSU</subfield>
        <subfield code='c'>KSU</subfield>
        <subfield code='d'>NOC</subfield>
      </datafield>
      <datafield ind1=' ' ind2=' ' tag='045'>
        <subfield code='a'>x7x7</subfield>
      </datafield>
      <datafield ind1=' ' ind2=' ' tag='048'>
        <subfield code='a'>be 1 ka 1</subfield>
      </datafield>
      <datafield ind1='1' ind2=' ' tag='100'>
        <subfield code='a'>Wilder, Alec.</subfield>
      </datafield>
      <datafield ind1='1' ind2='0' tag='240'>
        <subfield code='a'>Suites,</subfield>
        <subfield code='m'>tuba, piano,</subfield>
        <subfield code='n'>no. 4</subfield>
      </datafield>
      <datafield ind1='1' ind2='0' tag='245'>
        <subfield code='a'>Suite :</subfield>
        <subfield code='b'>no. 4 : for tuba and piano : &quot;The Thomas suite&quot; /</subfield>
        <subfield code='c'>Alec Wilder.</subfield>
      </datafield>
      <datafield ind1='3' ind2=' ' tag='246'>
        <subfield code='a'>Thomas suite</subfield>
      </datafield>
      <datafield ind1=' ' ind2=' ' tag='260'>
        <subfield code='a'>Newton Centre, Mass. :</subfield>
        <subfield code='b'>Margun Music,</subfield>
        <subfield code='c'>[1979?]</subfield>
      </datafield>
      <datafield ind1=' ' ind2=' ' tag='300'>
        <subfield code='a'>score (8 p.) and part ;</subfield>
        <subfield code='c'>31 cm.</subfield>
      </datafield>
      <datafield ind1=' ' ind2=' ' tag='500'>
        <subfield code='a'>Title from part.</subfield>
      </datafield>
      <datafield ind1=' ' ind2=' ' tag='500'>
        <subfield code='a'>&quot;W127.&quot;</subfield>
      </datafield>
      <datafield ind1=' ' ind2=' ' tag='500'>
        <subfield code='a'>Reproduced from ms. copy.</subfield>
      </datafield>
      <datafield ind1='1' ind2='0' tag='600'>
        <subfield code='a'>Wilder, Alec</subfield>
        <subfield code='v'>Manuscripts</subfield>
        <subfield code='v'>Facsimiles.</subfield>
      </datafield>
      <datafield ind1=' ' ind2='0' tag='650'>
        <subfield code='a'>Suites (Tuba and piano)</subfield>
      </datafield>
      <datafield ind1=' ' ind2=' ' tag='907'>
        <subfield code='a'>b3184345</subfield>
      </datafield>
      <datafield ind1='9' ind2='1' tag='999'>
        <subfield code='i'>i4523021</subfield>
        <subfield code='l'>mmda</subfield>
        <subfield code='s'>-</subfield>
        <subfield code='t'>45</subfield>
        <subfield code='c'>1</subfield>
        <subfield code='o'>5</subfield>
        <subfield code='b'>00016929193</subfield>
        <subfield code='p'>090</subfield>
        <subfield code='q'>|aM265.W56 T5 1978</subfield>
      </datafield>
      <datafield ind1='9' ind2='1' tag='999'>
        <subfield code='i'>i9668811</subfield>
        <subfield code='l'>mmda</subfield>
        <subfield code='s'>-</subfield>
        <subfield code='t'>45</subfield>
        <subfield code='c'>2</subfield>
        <subfield code='o'>0</subfield>
        <subfield code='b'>00043240484</subfield>
        <subfield code='p'>090</subfield>
        <subfield code='q'>|aM265.W56|bT5 1978</subfield>
      </datafield>
  </record>