
  <record>
    <leader>00000cam  2200337 a 4500</leader>
      <controlfield tag='008'>860717s1982    gw a     b    000 0 ger  </controlfield>
      <controlfield tag='001'>11867714</controlfield>
      <controlfield tag='005'>19860717000000.0</controlfield>
      <datafield ind1=' ' ind2=' ' tag='010'>
        <subfield code='a'>83193625</subfield>
      </datafield>
      <datafield ind1=' ' ind2=' ' tag='020'>
        <subfield code='a'>3880991286</subfield>
      </datafield>
      <datafield ind1=' ' ind2=' ' tag='040'>
        <subfield code='a'>DLC</subfield>
        <subfield code='c'>DLC</subfield>
        <subfield code='d'>NOC</subfield>
      </datafield>
      <datafield ind1='0' ind2=' ' tag='041'>
        <subfield code='a'>ger</subfield>
        <subfield code='b'>eng</subfield>
      </datafield>
      <datafield ind1=' ' ind2=' ' tag='043'>
        <subfield code='a'>e-gw---</subfield>
      </datafield>
      <datafield ind1='0' ind2=' ' tag='082'>
        <subfield code='a'>830/.9/3520396</subfield>
        <subfield code='2'>19</subfield>
      </datafield>
      <datafield ind1='1' ind2=' ' tag='100'>
        <subfield code='a'>Lester, Rosemarie K.</subfield>
      </datafield>
      <datafield ind1='1' ind2='0' tag='245'>
        <subfield code='a'>Trivialneger :</subfield>
        <subfield code='b'>das Bild des Schwarzen im westdeutschen Illustriertenroman /</subfield>
        <subfield code='c'>von Rosemarie K. Lester.</subfield>
      </datafield>
      <datafield ind1=' ' ind2=' ' tag='260'>
        <subfield code='a'>Stuttgart :</subfield>
        <subfield code='b'>Akademischer Verlag H.-D. Heinz,</subfield>
        <subfield code='c'>1982.</subfield>
      </datafield>
      <datafield ind1=' ' ind2=' ' tag='300'>
        <subfield code='a'>iv, 304 p. :</subfield>
        <subfield code='b'>ill. ;</subfield>
        <subfield code='c'>21 cm.</subfield>
      </datafield>
      <datafield ind1=' ' ind2=' ' tag='500'>
        <subfield code='a'>Summary in English.</subfield>
      </datafield>
      <datafield ind1=' ' ind2=' ' tag='500'>
        <subfield code='a'>Originally presented as the author&apos;s thesis (doctoral--University of Wisconsin--Madison, 1980)</subfield>
      </datafield>
      <datafield ind1=' ' ind2=' ' tag='504'>
        <subfield code='a'>Bibliography: p. 289-303.</subfield>
      </datafield>
      <datafield ind1=' ' ind2='0' tag='650'>
        <subfield code='a'>German fiction</subfield>
        <subfield code='z'>Germany (West)</subfield>
        <subfield code='x'>History and criticism.</subfield>
      </datafield>
      <datafield ind1=' ' ind2='0' tag='650'>
        <subfield code='a'>German fiction</subfield>
        <subfield code='y'>20th century</subfield>
        <subfield code='x'>History and criticism.</subfield>
      </datafield>
      <datafield ind1=' ' ind2='0' tag='650'>
        <subfield code='a'>Serialized fiction</subfield>
        <subfield code='z'>Germany (West)</subfield>
        <subfield code='x'>History and criticism.</subfield>
      </datafield>
      <datafield ind1=' ' ind2='0' tag='650'>
        <subfield code='a'>Blacks in literature.</subfield>
      </datafield>
      <datafield ind1=' ' ind2='0' tag='650'>
        <subfield code='a'>Racially mixed people in literature.</subfield>
      </datafield>
      <datafield ind1=' ' ind2='0' tag='830'>
        <subfield code='a'>Stuttgarter Arbeiten zur Germanistik ;</subfield>
        <subfield code='v'>Nr. 124.</subfield>
      </datafield>
      <datafield ind1=' ' ind2=' ' tag='907'>
        <subfield code='a'>b2025140</subfield>
      </datafield>
      <datafield ind1='9' ind2='1' tag='999'>
        <subfield code='i'>i2927863</subfield>
        <subfield code='l'>ddda</subfield>
        <subfield code='s'>-</subfield>
        <subfield code='t'>0</subfield>
        <subfield code='c'>1</subfield>
        <subfield code='o'>11</subfield>
        <subfield code='b'>00003640028</subfield>
        <subfield code='p'>090</subfield>
        <subfield code='q'>|aPT735 .L47 1982</subfield>
      </datafield>
  </record>