
  <record>
    <leader>00000nam  22001812  4500</leader>
      <controlfield tag='008'>101229s1979    dcu          f000 0 eng d</controlfield>
      <controlfield tag='001'>hsl000774112</controlfield>
      <controlfield tag='003'>DGPO</controlfield>
      <controlfield tag='005'>20110803115752.0</controlfield>
      <datafield ind1=' ' ind2=' ' tag='040'>
        <subfield code='a'>GPO</subfield>
        <subfield code='c'>GPO</subfield>
      </datafield>
      <datafield ind1='0' ind2=' ' tag='086'>
        <subfield code='a'>NA 1.2:T 69</subfield>
      </datafield>
      <datafield ind1='0' ind2='0' tag='245'>
        <subfield code='a'>Travel behavior methodology.</subfield>
      </datafield>
      <datafield ind1=' ' ind2=' ' tag='260'>
        <subfield code='a'>[Washington, D.C.],</subfield>
        <subfield code='c'>1979.</subfield>
      </datafield>
      <datafield ind1=' ' ind2=' ' tag='300'>
        <subfield code='a'>1 v.</subfield>
      </datafield>
      <datafield ind1=' ' ind2=' ' tag='500'>
        <subfield code='a'>CRDP Project Historic Shelflist record.</subfield>
      </datafield>
      <datafield ind1=' ' ind2=' ' tag='907'>
        <subfield code='a'>b6958527</subfield>
      </datafield>
      <datafield ind1='9' ind2='1' tag='999'>
        <subfield code='i'>i9345009</subfield>
        <subfield code='l'>dcpf</subfield>
        <subfield code='s'>-</subfield>
        <subfield code='t'>20</subfield>
        <subfield code='c'>1</subfield>
        <subfield code='o'>0</subfield>
        <subfield code='p'>086</subfield>
        <subfield code='q'>|aNA 1.2:T 69</subfield>
        <subfield code='n'>Need Help? Ask at Davis RefDesk</subfield>
      </datafield>
  </record>