
  <record>
    <leader>00000cam a2200313Ia 4500</leader>
      <controlfield tag='008'>900725s1985    gw            000 0 eng d</controlfield>
      <controlfield tag='001'>12864654</controlfield>
      <controlfield tag='005'>19900725000000.0</controlfield>
      <datafield ind1=' ' ind2=' ' tag='040'>
        <subfield code='a'>ARL</subfield>
        <subfield code='c'>ARL</subfield>
        <subfield code='d'>m/c</subfield>
        <subfield code='d'>NOC</subfield>
      </datafield>
      <datafield ind1='0' ind2='0' tag='245'>
        <subfield code='a'>Support for Polish Solidarity among Polish, Czechoslovak and Hungarian respondents :</subfield>
        <subfield code='b'>(RFE effectiveness)</subfield>
      </datafield>
      <datafield ind1=' ' ind2=' ' tag='260'>
        <subfield code='a'>[Munich?] :</subfield>
        <subfield code='b'>Radio Free Europe/Radio Liberty,</subfield>
        <subfield code='c'>[1985]</subfield>
      </datafield>
      <datafield ind1=' ' ind2=' ' tag='300'>
        <subfield code='a'>13 leaves ;</subfield>
        <subfield code='c'>30 cm.</subfield>
      </datafield>
      <datafield ind1=' ' ind2=' ' tag='500'>
        <subfield code='a'>Cover title.</subfield>
      </datafield>
      <datafield ind1=' ' ind2=' ' tag='500'>
        <subfield code='a'>&quot;September 1985.&quot;</subfield>
      </datafield>
      <datafield ind1='2' ind2='0' tag='610'>
        <subfield code='a'>NSZZ &quot;Solidarność&quot; (Labor organization)</subfield>
      </datafield>
      <datafield ind1='2' ind2='0' tag='610'>
        <subfield code='a'>Radio Free Europe.</subfield>
      </datafield>
      <datafield ind1=' ' ind2='0' tag='650'>
        <subfield code='a'>Public opinion</subfield>
        <subfield code='z'>Poland.</subfield>
      </datafield>
      <datafield ind1=' ' ind2='0' tag='650'>
        <subfield code='a'>Public opinion</subfield>
        <subfield code='z'>Czechoslovakia.</subfield>
      </datafield>
      <datafield ind1=' ' ind2='0' tag='650'>
        <subfield code='a'>Public opinion</subfield>
        <subfield code='z'>Hungary.</subfield>
      </datafield>
      <datafield ind1=' ' ind2='0' tag='651'>
        <subfield code='a'>Poland</subfield>
        <subfield code='x'>Foreign public opinion.</subfield>
      </datafield>
      <datafield ind1='2' ind2=' ' tag='710'>
        <subfield code='a'>RFE/RL.</subfield>
      </datafield>
      <datafield ind1=' ' ind2='0' tag='830'>
        <subfield code='a'>East European area audience and opinion research.</subfield>
      </datafield>
      <datafield ind1=' ' ind2=' ' tag='907'>
        <subfield code='a'>b2078050</subfield>
      </datafield>
      <datafield ind1='9' ind2='1' tag='999'>
        <subfield code='i'>i3004574</subfield>
        <subfield code='l'>dddb</subfield>
        <subfield code='s'>-</subfield>
        <subfield code='t'>0</subfield>
        <subfield code='c'>1</subfield>
        <subfield code='o'>2</subfield>
        <subfield code='b'>00005049315</subfield>
        <subfield code='p'>090</subfield>
        <subfield code='q'>|aHD8537.N783 S97 1985</subfield>
      </datafield>
  </record>