
  <record>
    <leader>00000cam  2200253I  4500</leader>
      <controlfield tag='008'>890805s1964    nyub     b    000 0 engm </controlfield>
      <controlfield tag='001'>870096</controlfield>
      <controlfield tag='005'>19890805000000.0</controlfield>
      <datafield ind1=' ' ind2=' ' tag='010'>
        <subfield code='a'>64021808</subfield>
      </datafield>
      <datafield ind1=' ' ind2=' ' tag='040'>
        <subfield code='a'>DLC</subfield>
        <subfield code='c'>WOO</subfield>
        <subfield code='d'>NRC</subfield>
        <subfield code='d'>m/c</subfield>
      </datafield>
      <datafield ind1='0' ind2=' ' tag='050'>
        <subfield code='a'>HC427.9</subfield>
        <subfield code='b'>.L52</subfield>
      </datafield>
      <datafield ind1=' ' ind2=' ' tag='082'>
        <subfield code='a'>338.0951</subfield>
      </datafield>
      <datafield ind1='1' ind2=' ' tag='100'>
        <subfield code='a'>Li, Choh-Ming,</subfield>
        <subfield code='d'>1912-</subfield>
      </datafield>
      <datafield ind1='1' ind2='0' tag='245'>
        <subfield code='a'>Industrial development in Communist China,</subfield>
        <subfield code='c'>edited by Choh-ming Li.</subfield>
      </datafield>
      <datafield ind1=' ' ind2=' ' tag='260'>
        <subfield code='a'>New York,</subfield>
        <subfield code='b'>Praeger</subfield>
        <subfield code='c'>[1964]</subfield>
      </datafield>
      <datafield ind1=' ' ind2=' ' tag='300'>
        <subfield code='a'>205 p.</subfield>
        <subfield code='b'>map.</subfield>
        <subfield code='c'>21 cm.</subfield>
      </datafield>
      <datafield ind1=' ' ind2=' ' tag='500'>
        <subfield code='a'>&quot;First published in Great Britain in 1964 as a special issue of the China quarterly.&quot;</subfield>
      </datafield>
      <datafield ind1=' ' ind2=' ' tag='504'>
        <subfield code='a'>Bibliographical footnotes.</subfield>
      </datafield>
      <datafield ind1=' ' ind2='0' tag='650'>
        <subfield code='a'>Industries</subfield>
        <subfield code='z'>China.</subfield>
      </datafield>
      <datafield ind1=' ' ind2='0' tag='830'>
        <subfield code='a'>Praeger publications in Russian history and world communism ;</subfield>
        <subfield code='v'>no. 150.</subfield>
      </datafield>
      <datafield ind1=' ' ind2=' ' tag='907'>
        <subfield code='a'>b1198473</subfield>
      </datafield>
      <datafield ind1='9' ind2='1' tag='999'>
        <subfield code='i'>i1348314</subfield>
        <subfield code='l'>trln</subfield>
        <subfield code='s'>-</subfield>
        <subfield code='t'>0</subfield>
        <subfield code='c'>1</subfield>
        <subfield code='o'>0</subfield>
        <subfield code='b'>10003205443</subfield>
        <subfield code='p'>090</subfield>
        <subfield code='q'>|aHC427.9 .L52</subfield>
      </datafield>
  </record>