
  <record>
    <leader>00000cam  2200241Ia 4500</leader>
      <controlfield tag='008'>850130s1960    caud          000 d eng d</controlfield>
      <controlfield tag='001'>11637082</controlfield>
      <controlfield tag='005'>20050330141701.0</controlfield>
      <datafield ind1=' ' ind2=' ' tag='040'>
        <subfield code='a'>BUF</subfield>
        <subfield code='c'>BUF</subfield>
        <subfield code='d'>NOC</subfield>
      </datafield>
      <datafield ind1='1' ind2=' ' tag='100'>
        <subfield code='a'>McClure, Michael.</subfield>
      </datafield>
      <datafield ind1='1' ind2='4' tag='245'>
        <subfield code='a'>The feast /</subfield>
        <subfield code='c'>by Mike McClure.</subfield>
      </datafield>
      <datafield ind1=' ' ind2=' ' tag='260'>
        <subfield code='a'>[San Francisco :</subfield>
        <subfield code='b'>Batman Gallery,</subfield>
        <subfield code='c'>1960?]</subfield>
      </datafield>
      <datafield ind1=' ' ind2=' ' tag='300'>
        <subfield code='a'>[3], 14 leaves :</subfield>
        <subfield code='b'>chart ;</subfield>
        <subfield code='c'>28 cm.</subfield>
      </datafield>
      <datafield ind1=' ' ind2=' ' tag='500'>
        <subfield code='a'>A play. Caption title.</subfield>
      </datafield>
      <datafield ind1=' ' ind2=' ' tag='500'>
        <subfield code='a'>Mimeograph. Batman Theater acting edition from 1960 production(?).</subfield>
      </datafield>
      <datafield ind1='4' ind2=' ' tag='510'>
        <subfield code='a'>Clements</subfield>
        <subfield code='c'>A6.</subfield>
      </datafield>
      <datafield ind1=' ' ind2='7' tag='655'>
        <subfield code='a'>Authors&apos; annotations (Provenance)</subfield>
        <subfield code='z'>California</subfield>
        <subfield code='y'>20th century.</subfield>
        <subfield code='2'>rbprov</subfield>
      </datafield>
      <datafield ind1='0' ind2=' ' tag='740'>
        <subfield code='a'>Beats Collection.</subfield>
      </datafield>
      <datafield ind1=' ' ind2=' ' tag='919'>
        <subfield code='a'>590 touched / wkg</subfield>
      </datafield>
      <datafield ind1=' ' ind2=' ' tag='907'>
        <subfield code='a'>b4692802</subfield>
      </datafield>
      <datafield ind1='9' ind2='1' tag='999'>
        <subfield code='i'>i6165188</subfield>
        <subfield code='l'>wchj</subfield>
        <subfield code='s'>o</subfield>
        <subfield code='t'>0</subfield>
        <subfield code='c'>1</subfield>
        <subfield code='o'>0</subfield>
        <subfield code='b'>HBKG-5947-00001</subfield>
        <subfield code='p'>090</subfield>
        <subfield code='q'>|aPS3563.A262 B54 1960</subfield>
        <subfield code='n'>White paper printed in black; stapled.  Many author&apos;s annotations. Author&apos;s name corrected by hand to &quot;Michael McClure.&quot;  In folder with Blossom, or, Billy the Kid.</subfield>
      </datafield>
      <datafield ind1='9' ind2='2' tag='999'>
        <subfield code='a'>c4603740</subfield>
        <subfield code='b'>wchj</subfield>
        <subfield code='c'>0</subfield>
      </datafield>
      <datafield ind1='9' ind2='3' tag='999'>
        <subfield code='0'>c4603740</subfield>
        <subfield code='2'>852</subfield>
        <subfield code='3'>c</subfield>
        <subfield code='b'>572294</subfield>
        <subfield code='h'>PS3563.A262</subfield>
        <subfield code='i'>B54 1960</subfield>
      </datafield>
      <datafield ind1='9' ind2='3' tag='999'>
        <subfield code='0'>c4603740</subfield>
        <subfield code='2'>852</subfield>
        <subfield code='3'>h</subfield>
        <subfield code='t'>c. 1</subfield>
        <subfield code='z'>White paper printed in black; stapled.  Many author&apos;s annotations. Author&apos;s name corrected by hand to &quot;Michael McClure.&quot;  In folder with Blossom, or, Billy the Kid.</subfield>
      </datafield>
  </record>