
  <record>
    <leader>00000cam  2200433La 4500</leader>
      <controlfield tag='006'>m        u</controlfield>
      <controlfield tag='008'>980615s1998    dcua    sb    001 0 eng d</controlfield>
      <controlfield tag='007'>cr cn</controlfield>
      <controlfield tag='001'>EHNL42854191</controlfield>
      <controlfield tag='005'>20010503093122.0</controlfield>
      <datafield ind1=' ' ind2=' ' tag='010'>
        <subfield code='z'>98012369</subfield>
      </datafield>
      <datafield ind1=' ' ind2=' ' tag='019'>
        <subfield code='a'>42416937</subfield>
      </datafield>
      <datafield ind1=' ' ind2=' ' tag='020'>
        <subfield code='a'>0585021686 (electronic bk.)</subfield>
      </datafield>
      <datafield ind1=' ' ind2=' ' tag='020'>
        <subfield code='z'>0309063612</subfield>
      </datafield>
      <datafield ind1=' ' ind2=' ' tag='040'>
        <subfield code='a'>N$T</subfield>
        <subfield code='c'>N$T</subfield>
        <subfield code='d'>OCL</subfield>
      </datafield>
      <datafield ind1=' ' ind2=' ' tag='043'>
        <subfield code='a'>n-us---</subfield>
      </datafield>
      <datafield ind1='1' ind2='4' tag='050'>
        <subfield code='a'>HG9979.3</subfield>
        <subfield code='b'>.P39 1998eb</subfield>
      </datafield>
      <datafield ind1='0' ind2='4' tag='082'>
        <subfield code='a'>368.1/22/00973</subfield>
        <subfield code='2'>21</subfield>
      </datafield>
      <datafield ind1='0' ind2='0' tag='245'>
        <subfield code='a'>Paying the price</subfield>
        <subfield code='h'>[electronic resource] :</subfield>
        <subfield code='b'>the status and role of insurance against natural disasters in the United States /</subfield>
        <subfield code='c'>Howard Kunreuther, Richard J. Roth, Sr., editors.</subfield>
      </datafield>
      <datafield ind1=' ' ind2=' ' tag='260'>
        <subfield code='a'>Washington, D.C. :</subfield>
        <subfield code='b'>Joseph Henry Press,</subfield>
        <subfield code='c'>1998.</subfield>
      </datafield>
      <datafield ind1=' ' ind2=' ' tag='300'>
        <subfield code='a'>xvi, 300 p. :</subfield>
        <subfield code='b'>ill. ;</subfield>
        <subfield code='c'>24 cm.</subfield>
      </datafield>
      <datafield ind1=' ' ind2=' ' tag='500'>
        <subfield code='a'>A collection of 9 essays.</subfield>
      </datafield>
      <datafield ind1=' ' ind2=' ' tag='504'>
        <subfield code='a'>Includes bibliographical references (p. 271-284) and index.</subfield>
      </datafield>
      <datafield ind1='1' ind2=' ' tag='506'>
        <subfield code='a'>Access limited to UNC Chapel Hill-authenticated users</subfield>
        <subfield code='f'>Limited to one (1) concurrent user</subfield>
      </datafield>
      <datafield ind1=' ' ind2='0' tag='650'>
        <subfield code='a'>Disaster insurance</subfield>
        <subfield code='z'>United States.</subfield>
      </datafield>
      <datafield ind1='1' ind2=' ' tag='700'>
        <subfield code='a'>Kunreuther, Howard.</subfield>
      </datafield>
      <datafield ind1='1' ind2=' ' tag='700'>
        <subfield code='a'>Roth, Richard J.</subfield>
      </datafield>
      <datafield ind1='0' ind2=' ' tag='773'>
        <subfield code='t'>Ebscohost ebooks (online collection). Via NCLive</subfield>
      </datafield>
      <datafield ind1='1' ind2=' ' tag='776'>
        <subfield code='c'>Original</subfield>
        <subfield code='w'>(DLC)  98012369</subfield>
        <subfield code='w'>(OCoLC)39335297</subfield>
      </datafield>
      <datafield ind1=' ' ind2='0' tag='830'>
        <subfield code='a'>Natural hazards and disasters.</subfield>
      </datafield>
      <datafield ind1='4' ind2='0' tag='856'>
        <subfield code='y'>Full text available via the UNC-Chapel Hill Libraries</subfield>
        <subfield code='u'>http://libproxy.lib.unc.edu/login?url=http://www.netlibrary.com/urlapi.asp?action=summary&amp;v=1&amp;bookid=1228</subfield>
      </datafield>
      <datafield ind1=' ' ind2=' ' tag='907'>
        <subfield code='a'>b3998023</subfield>
      </datafield>
  </record>