
  <record>
    <leader>00000cam  2200349 i 4500</leader>
      <controlfield tag='006'>m    |   d |</controlfield>
      <controlfield tag='008'>861202s1811    meu     o     000 0 eng d</controlfield>
      <controlfield tag='007'>cr mn mmmmabba</controlfield>
      <controlfield tag='001'>aas04304078</controlfield>
      <controlfield tag='005'>20021212165621.0</controlfield>
      <datafield ind1=' ' ind2=' ' tag='040'>
        <subfield code='a'>CSt</subfield>
        <subfield code='c'>MWA</subfield>
      </datafield>
      <datafield ind1='0' ind2='0' tag='245'>
        <subfield code='a'>On liberality in religion /</subfield>
        <subfield code='c'>taken from the Christian&apos;s magazine, edited by the Rev. Dr. Mason of New York.  Together with An inquiry into the Scripture meaning of charity / extracted from the writings of the Rev. Dr. Witherspoon</subfield>
        <subfield code='h'>[electronic resource].</subfield>
      </datafield>
      <datafield ind1=' ' ind2=' ' tag='260'>
        <subfield code='a'>Portland, [Me.] :</subfield>
        <subfield code='b'>Published and sold by A. Lyman &amp; Co.,</subfield>
        <subfield code='c'>1811</subfield>
        <subfield code='e'>([Portland, Me.] :</subfield>
        <subfield code='f'>J. M&apos;Kown)</subfield>
      </datafield>
      <datafield ind1=' ' ind2=' ' tag='300'>
        <subfield code='a'>1 online resource (40 p.)</subfield>
      </datafield>
      <datafield ind1='1' ind2=' ' tag='506'>
        <subfield code='a'>Access limited to UNC Chapel Hill-authenticated users.</subfield>
        <subfield code='f'>Unlimited simultaneous users</subfield>
      </datafield>
      <datafield ind1='4' ind2=' ' tag='510'>
        <subfield code='a'>Shaw &amp; Shoemaker</subfield>
        <subfield code='c'>23598</subfield>
      </datafield>
      <datafield ind1=' ' ind2=' ' tag='588'>
        <subfield code='a'>Description based on microform record.</subfield>
      </datafield>
      <datafield ind1=' ' ind2='0' tag='650'>
        <subfield code='a'>Liberalism (Religion)</subfield>
      </datafield>
      <datafield ind1=' ' ind2='0' tag='650'>
        <subfield code='a'>Charity.</subfield>
      </datafield>
      <datafield ind1='1' ind2=' ' tag='700'>
        <subfield code='a'>Mason, John M.</subfield>
        <subfield code='q'>(John Mitchell),</subfield>
        <subfield code='d'>1770-1829.</subfield>
      </datafield>
      <datafield ind1='1' ind2=' ' tag='700'>
        <subfield code='a'>Witherspoon, John,</subfield>
        <subfield code='d'>1723-1794.</subfield>
      </datafield>
      <datafield ind1='0' ind2=' ' tag='730'>
        <subfield code='a'>Christian&apos;s magazine.</subfield>
      </datafield>
      <datafield ind1='0' ind2='2' tag='730'>
        <subfield code='a'>Inquiry into the Scripture meaning of charity.</subfield>
      </datafield>
      <datafield ind1=' ' ind2=' ' tag='752'>
        <subfield code='a'>United States</subfield>
        <subfield code='b'>Maine</subfield>
        <subfield code='d'>Portland.</subfield>
      </datafield>
      <datafield ind1='0' ind2=' ' tag='773'>
        <subfield code='t'>Early American imprints, series 2: Shaw-Shoemaker (online collection)</subfield>
      </datafield>
      <datafield ind1='4' ind2='0' tag='856'>
        <subfield code='y'>Full text available via the UNC-Chapel Hill Libraries</subfield>
        <subfield code='u'>http://libproxy.lib.unc.edu/login?url=http://opac.newsbank.com/select/shaw/23598</subfield>
      </datafield>
      <datafield ind1=' ' ind2=' ' tag='907'>
        <subfield code='a'>b6727283</subfield>
      </datafield>
  </record>