
  <record>
    <leader>00000cam  2200169I  4500</leader>
      <controlfield tag='008'>930224s1966    nyu           001 0 rusrd</controlfield>
      <controlfield tag='001'>6567201</controlfield>
      <controlfield tag='005'>19930224000000.0</controlfield>
      <datafield ind1=' ' ind2=' ' tag='040'>
        <subfield code='a'>AZS</subfield>
        <subfield code='c'>AZS</subfield>
        <subfield code='d'>AZS</subfield>
      </datafield>
      <datafield ind1=' ' ind2=' ' tag='050'>
        <subfield code='a'>DK266</subfield>
        <subfield code='b'>.A76</subfield>
      </datafield>
      <datafield ind1='1' ind2=' ' tag='100'>
        <subfield code='a'>Aronson, Gregor,</subfield>
        <subfield code='d'>1887-1968.</subfield>
      </datafield>
      <datafield ind1='1' ind2='0' tag='245'>
        <subfield code='a'>Rossi︠i︡a v epokhu revol︠i︡u︠t︡sii;</subfield>
        <subfield code='b'>istoricheskie et︠i︡udy i memuary.</subfield>
      </datafield>
      <datafield ind1=' ' ind2=' ' tag='260'>
        <subfield code='a'>Nʹ︠i︡u-Ĭork,</subfield>
        <subfield code='c'>1966.</subfield>
      </datafield>
      <datafield ind1=' ' ind2=' ' tag='300'>
        <subfield code='a'>258 p.</subfield>
        <subfield code='c'>22 cm.</subfield>
      </datafield>
      <datafield ind1=' ' ind2=' ' tag='500'>
        <subfield code='a'>At head of title: Grigoriĭ Aronson.</subfield>
      </datafield>
      <datafield ind1=' ' ind2='0' tag='651'>
        <subfield code='a'>Soviet Union</subfield>
        <subfield code='x'>History.</subfield>
      </datafield>
      <datafield ind1=' ' ind2=' ' tag='907'>
        <subfield code='a'>b1709292</subfield>
      </datafield>
      <datafield ind1='9' ind2='1' tag='999'>
        <subfield code='i'>i2449967</subfield>
        <subfield code='l'>ddda</subfield>
        <subfield code='s'>-</subfield>
        <subfield code='t'>0</subfield>
        <subfield code='c'>1</subfield>
        <subfield code='o'>1</subfield>
        <subfield code='b'>00018264012</subfield>
        <subfield code='p'>090</subfield>
        <subfield code='q'>|aDK266 .A76</subfield>
      </datafield>
  </record>