
  <record>
    <leader>00000cam a2200421 i 4500</leader>
      <controlfield tag='008'>160407t20172017enkab    b    001 0 eng  </controlfield>
      <controlfield tag='001'>946277350</controlfield>
      <controlfield tag='003'>OCoLC</controlfield>
      <controlfield tag='005'>20161014010757.0</controlfield>
      <datafield ind1=' ' ind2=' ' tag='010'>
        <subfield code='a'>2016009867</subfield>
      </datafield>
      <datafield ind1=' ' ind2=' ' tag='020'>
        <subfield code='a'>9781472457257 (hbk)</subfield>
      </datafield>
      <datafield ind1=' ' ind2=' ' tag='020'>
        <subfield code='a'>1472457250 (hbk)</subfield>
      </datafield>
      <datafield ind1=' ' ind2=' ' tag='020'>
        <subfield code='z'>9781315601502 (ebk)</subfield>
      </datafield>
      <datafield ind1=' ' ind2=' ' tag='035'>
        <subfield code='a'>(OCoLC)946277350</subfield>
      </datafield>
      <datafield ind1=' ' ind2=' ' tag='040'>
        <subfield code='a'>DLC</subfield>
        <subfield code='b'>eng</subfield>
        <subfield code='e'>rda</subfield>
        <subfield code='c'>DLC</subfield>
        <subfield code='d'>OCLCF</subfield>
        <subfield code='d'>YDX</subfield>
      </datafield>
      <datafield ind1=' ' ind2=' ' tag='042'>
        <subfield code='a'>pcc</subfield>
      </datafield>
      <datafield ind1=' ' ind2=' ' tag='049'>
        <subfield code='a'>NOCC</subfield>
      </datafield>
      <datafield ind1='0' ind2='0' tag='050'>
        <subfield code='a'>RA791</subfield>
        <subfield code='b'>.P67 2017</subfield>
      </datafield>
      <datafield ind1=' ' ind2='4' tag='060'>
        <subfield code='a'>WB 700</subfield>
      </datafield>
      <datafield ind1='0' ind2='0' tag='245'>
        <subfield code='a'>Population health intervention research :</subfield>
        <subfield code='b'>geographical perspectives /</subfield>
        <subfield code='c'>edited by Daniel W. Harrington, Sara McLafferty and Susan J. Elliott.</subfield>
      </datafield>
      <datafield ind1=' ' ind2='1' tag='264'>
        <subfield code='a'>London ;</subfield>
        <subfield code='a'>New York :</subfield>
        <subfield code='b'>Routledge, Taylor &amp; Francis Group,</subfield>
        <subfield code='c'>2017.</subfield>
      </datafield>
      <datafield ind1=' ' ind2=' ' tag='300'>
        <subfield code='a'>xviii, 205 pages :</subfield>
        <subfield code='b'>illustrations, maps ;</subfield>
        <subfield code='c'>24 cm.</subfield>
      </datafield>
      <datafield ind1=' ' ind2=' ' tag='336'>
        <subfield code='a'>text</subfield>
        <subfield code='2'>rdacontent</subfield>
      </datafield>
      <datafield ind1=' ' ind2=' ' tag='337'>
        <subfield code='a'>unmediated</subfield>
        <subfield code='2'>rdamedia</subfield>
      </datafield>
      <datafield ind1=' ' ind2=' ' tag='338'>
        <subfield code='a'>volume</subfield>
        <subfield code='2'>rdacarrier</subfield>
      </datafield>
      <datafield ind1=' ' ind2=' ' tag='504'>
        <subfield code='a'>Includes bibliographical references and index.</subfield>
      </datafield>
      <datafield ind1=' ' ind2='0' tag='650'>
        <subfield code='a'>Medical geography.</subfield>
      </datafield>
      <datafield ind1=' ' ind2='2' tag='650'>
        <subfield code='a'>Geography, Medical.</subfield>
      </datafield>
      <datafield ind1='1' ind2=' ' tag='700'>
        <subfield code='a'>Harrington, Daniel W.,</subfield>
        <subfield code='e'>editor.</subfield>
      </datafield>
      <datafield ind1='1' ind2=' ' tag='700'>
        <subfield code='a'>McLafferty, Sara,</subfield>
        <subfield code='d'>1951-</subfield>
        <subfield code='e'>editor.</subfield>
      </datafield>
      <datafield ind1='1' ind2=' ' tag='700'>
        <subfield code='a'>Elliott, Susan J.,</subfield>
        <subfield code='e'>editor.</subfield>
      </datafield>
      <datafield ind1=' ' ind2='0' tag='830'>
        <subfield code='a'>Ashgate&apos;s geographies of health series.</subfield>
      </datafield>
      <datafield ind1=' ' ind2=' ' tag='907'>
        <subfield code='a'>b8566803</subfield>
      </datafield>
      <datafield ind1='9' ind2='1' tag='999'>
        <subfield code='i'>i11150253</subfield>
        <subfield code='l'>ddda</subfield>
        <subfield code='s'>-</subfield>
        <subfield code='t'>0</subfield>
        <subfield code='c'>1</subfield>
        <subfield code='o'>1</subfield>
        <subfield code='b'>00050679951</subfield>
        <subfield code='p'>050</subfield>
        <subfield code='q'>|aRA791|b.P67 2017</subfield>
      </datafield>
  </record>