
  <record>
    <leader>00000cam  2200253 a 4500</leader>
      <controlfield tag='008'>951101s1996    enk      b    001 0 eng  </controlfield>
      <controlfield tag='001'>33665399</controlfield>
      <controlfield tag='005'>19960925161656.0</controlfield>
      <datafield ind1=' ' ind2=' ' tag='010'>
        <subfield code='a'>95049428</subfield>
      </datafield>
      <datafield ind1=' ' ind2=' ' tag='020'>
        <subfield code='a'>1852851201</subfield>
      </datafield>
      <datafield ind1=' ' ind2=' ' tag='040'>
        <subfield code='a'>DLC</subfield>
        <subfield code='c'>DLC</subfield>
        <subfield code='d'>NOC</subfield>
      </datafield>
      <datafield ind1=' ' ind2=' ' tag='043'>
        <subfield code='a'>e-uk-en</subfield>
      </datafield>
      <datafield ind1='0' ind2='0' tag='050'>
        <subfield code='a'>BR763.N664</subfield>
        <subfield code='b'>D63 1996</subfield>
      </datafield>
      <datafield ind1='0' ind2='0' tag='082'>
        <subfield code='a'>282/.428/0902</subfield>
        <subfield code='2'>20</subfield>
      </datafield>
      <datafield ind1='1' ind2=' ' tag='100'>
        <subfield code='a'>Dobson, R. B.</subfield>
        <subfield code='q'>(Richard Barrie)</subfield>
      </datafield>
      <datafield ind1='1' ind2='0' tag='245'>
        <subfield code='a'>Church and society in the medieval north of England /</subfield>
        <subfield code='c'>R.B. Dobson.</subfield>
      </datafield>
      <datafield ind1=' ' ind2=' ' tag='260'>
        <subfield code='a'>London ;</subfield>
        <subfield code='a'>Rio Grande, Ohio :</subfield>
        <subfield code='b'>Hambledon Press,</subfield>
        <subfield code='c'>1996.</subfield>
      </datafield>
      <datafield ind1=' ' ind2=' ' tag='300'>
        <subfield code='a'>xvi, 323 p. ;</subfield>
        <subfield code='c'>24 cm.</subfield>
      </datafield>
      <datafield ind1=' ' ind2=' ' tag='504'>
        <subfield code='a'>Includes bibliographical references and index.</subfield>
      </datafield>
      <datafield ind1='2' ind2='0' tag='610'>
        <subfield code='a'>Catholic Church</subfield>
        <subfield code='z'>England, Northern</subfield>
        <subfield code='x'>History.</subfield>
      </datafield>
      <datafield ind1='2' ind2='0' tag='610'>
        <subfield code='a'>Catholic Church.</subfield>
        <subfield code='b'>Province of York (England)</subfield>
        <subfield code='x'>History.</subfield>
      </datafield>
      <datafield ind1='2' ind2='0' tag='610'>
        <subfield code='a'>Catholic Church.</subfield>
        <subfield code='b'>Diocese of Carlisle (England)</subfield>
        <subfield code='x'>History.</subfield>
      </datafield>
      <datafield ind1='2' ind2='0' tag='610'>
        <subfield code='a'>Catholic Church.</subfield>
        <subfield code='b'>Bishopric of Durham (England)</subfield>
        <subfield code='x'>History.</subfield>
      </datafield>
      <datafield ind1=' ' ind2='0' tag='650'>
        <subfield code='a'>Church history</subfield>
        <subfield code='y'>Middle Ages, 600-1500.</subfield>
      </datafield>
      <datafield ind1=' ' ind2=' ' tag='907'>
        <subfield code='a'>b2925179</subfield>
      </datafield>
      <datafield ind1='9' ind2='1' tag='999'>
        <subfield code='i'>i4169646</subfield>
        <subfield code='l'>ddda</subfield>
        <subfield code='s'>-</subfield>
        <subfield code='t'>0</subfield>
        <subfield code='c'>1</subfield>
        <subfield code='o'>3</subfield>
        <subfield code='b'>00012690812</subfield>
        <subfield code='p'>090</subfield>
        <subfield code='q'>|aBR763.N664 D63 1996</subfield>
      </datafield>
  </record>