
  <record>
    <leader>00000cam  2200445Ia 4500</leader>
      <controlfield tag='008'>130326s2013    cc a     b    000 0 chi d</controlfield>
      <controlfield tag='001'>821071903</controlfield>
      <controlfield tag='003'>OCoLC</controlfield>
      <datafield ind1=' ' ind2=' ' tag='020'>
        <subfield code='a'>9787506830737 :</subfield>
        <subfield code='c'>RMB38.00</subfield>
      </datafield>
      <datafield ind1=' ' ind2=' ' tag='020'>
        <subfield code='a'>7506830736</subfield>
      </datafield>
      <datafield ind1=' ' ind2=' ' tag='035'>
        <subfield code='a'>(OCoLC)821071903</subfield>
      </datafield>
      <datafield ind1=' ' ind2=' ' tag='040'>
        <subfield code='a'>BCBTC</subfield>
        <subfield code='b'>eng</subfield>
        <subfield code='c'>BCBTC</subfield>
      </datafield>
      <datafield ind1=' ' ind2=' ' tag='043'>
        <subfield code='a'>a-cc---</subfield>
      </datafield>
      <datafield ind1=' ' ind2=' ' tag='049'>
        <subfield code='a'>NOCC</subfield>
      </datafield>
      <datafield ind1=' ' ind2=' ' tag='066'>
        <subfield code='c'>$1</subfield>
      </datafield>
      <datafield ind1='1' ind2=' ' tag='100'>
        <subfield code='6'>880-01</subfield>
        <subfield code='a'>Zhang, Yao.</subfield>
      </datafield>
      <datafield ind1='1' ind2='0' tag='245'>
        <subfield code='6'>880-02</subfield>
        <subfield code='a'>Shang Zhou qing tong qi yu qing tong qi diao su yi shu =</subfield>
        <subfield code='b'>Shangzhou qingtongqi yu qingtongqi diaosu yishu /</subfield>
        <subfield code='c'>Zhang Yao zhu.</subfield>
      </datafield>
      <datafield ind1='3' ind2='1' tag='246'>
        <subfield code='a'>Shangzhou qingtongqi yu qingtongqi diaosu yishu</subfield>
      </datafield>
      <datafield ind1=' ' ind2=' ' tag='250'>
        <subfield code='6'>880-03</subfield>
        <subfield code='a'>Di 1 ban.</subfield>
      </datafield>
      <datafield ind1=' ' ind2=' ' tag='260'>
        <subfield code='6'>880-04</subfield>
        <subfield code='a'>Beijing :</subfield>
        <subfield code='b'>Zhongguo shu ji chu ban she,</subfield>
        <subfield code='c'>2013.</subfield>
      </datafield>
      <datafield ind1=' ' ind2=' ' tag='300'>
        <subfield code='a'>9, 2, 180 p. :</subfield>
        <subfield code='b'>ill. ;</subfield>
        <subfield code='c'>24 cm.</subfield>
      </datafield>
      <datafield ind1=' ' ind2=' ' tag='504'>
        <subfield code='a'>Includes bibliographical references (p.168-169)</subfield>
      </datafield>
      <datafield ind1=' ' ind2='0' tag='650'>
        <subfield code='a'>Bronzes, Chinese</subfield>
        <subfield code='y'>To 221 B.C.</subfield>
        <subfield code='x'>Themes, motives.</subfield>
      </datafield>
      <datafield ind1=' ' ind2='0' tag='650'>
        <subfield code='a'>Bronzes, Chinese</subfield>
        <subfield code='x'>Design</subfield>
        <subfield code='y'>To 221 B.C.</subfield>
      </datafield>
      <datafield ind1=' ' ind2='0' tag='830'>
        <subfield code='6'>880-06</subfield>
        <subfield code='a'>Zhongguo shu ji wen ku.</subfield>
      </datafield>
      <datafield ind1='1' ind2=' ' tag='880'>
        <subfield code='6'>100-01/$1</subfield>
        <subfield code='a'>张耀.</subfield>
      </datafield>
      <datafield ind1='1' ind2='0' tag='880'>
        <subfield code='6'>245-02/$1</subfield>
        <subfield code='a'>商周青铜器与青铜器雕塑艺术 =</subfield>
        <subfield code='b'>Shangzhou qingtongqi yu qingtongqi diaosu yishu /</subfield>
        <subfield code='c'>张耀著.</subfield>
      </datafield>
      <datafield ind1=' ' ind2=' ' tag='880'>
        <subfield code='6'>250-03/$1</subfield>
        <subfield code='a'>第1版.</subfield>
      </datafield>
      <datafield ind1=' ' ind2=' ' tag='880'>
        <subfield code='6'>260-04/$1</subfield>
        <subfield code='a'>北京 :</subfield>
        <subfield code='b'>中国书籍出版社,</subfield>
        <subfield code='c'>2013.</subfield>
      </datafield>
      <datafield ind1='1' ind2=' ' tag='880'>
        <subfield code='6'>490-05/$1</subfield>
        <subfield code='a'>中国书籍文库 =</subfield>
        <subfield code='a'>China books library</subfield>
      </datafield>
      <datafield ind1=' ' ind2='0' tag='880'>
        <subfield code='6'>830-06/$1</subfield>
        <subfield code='a'>中国书籍文库.</subfield>
      </datafield>
      <datafield ind1=' ' ind2=' ' tag='907'>
        <subfield code='a'>b7317974</subfield>
      </datafield>
      <datafield ind1='9' ind2='1' tag='999'>
        <subfield code='i'>i10014096</subfield>
        <subfield code='l'>ddda</subfield>
        <subfield code='s'>-</subfield>
        <subfield code='t'>0</subfield>
        <subfield code='c'>1</subfield>
        <subfield code='o'>0</subfield>
        <subfield code='b'>00045512444</subfield>
        <subfield code='p'>090</subfield>
        <subfield code='q'>|aNK7983.22|b.Z436 2013</subfield>
      </datafield>
  </record>