
  <record>
    <leader>00000ccm a2200301Ia 4500</leader>
      <controlfield tag='008'>870622q19001981nyuzzz         n    zxx d</controlfield>
      <controlfield tag='001'>7969471</controlfield>
      <controlfield tag='005'>19901010140602.7</controlfield>
      <datafield ind1=' ' ind2=' ' tag='019'>
        <subfield code='a'>3597230</subfield>
      </datafield>
      <datafield ind1='2' ind2='2' tag='028'>
        <subfield code='a'>10447a</subfield>
        <subfield code='b'>C.F. Peters Corporation</subfield>
      </datafield>
      <datafield ind1='3' ind2='0' tag='028'>
        <subfield code='a'>3905c</subfield>
        <subfield code='b'>Edition Peters</subfield>
      </datafield>
      <datafield ind1=' ' ind2=' ' tag='040'>
        <subfield code='a'>ALM</subfield>
        <subfield code='c'>ALM</subfield>
        <subfield code='d'>ICW</subfield>
        <subfield code='d'>OCL</subfield>
        <subfield code='d'>m/c</subfield>
        <subfield code='d'>NOC</subfield>
      </datafield>
      <datafield ind1=' ' ind2=' ' tag='045'>
        <subfield code='a'>w9w9</subfield>
      </datafield>
      <datafield ind1=' ' ind2=' ' tag='048'>
        <subfield code='a'>wc01</subfield>
        <subfield code='a'>sa02</subfield>
        <subfield code='a'>sb01</subfield>
        <subfield code='a'>sc01</subfield>
      </datafield>
      <datafield ind1='1' ind2=' ' tag='100'>
        <subfield code='a'>Brahms, Johannes,</subfield>
        <subfield code='d'>1833-1897.</subfield>
      </datafield>
      <datafield ind1='1' ind2='0' tag='240'>
        <subfield code='a'>Quintets,</subfield>
        <subfield code='m'>clarinet, violins (2), viola, cello,</subfield>
        <subfield code='n'>op. 115,</subfield>
        <subfield code='r'>B minor</subfield>
      </datafield>
      <datafield ind1='1' ind2='0' tag='245'>
        <subfield code='a'>Quintett für Klarinette (oder Viola), 2 Violinen, Viola und Violoncello, opus 115 /</subfield>
        <subfield code='c'>Brahms ; herausgegeben vom Gewandhaus-Quartett</subfield>
        <subfield code='h'>[printed music].</subfield>
      </datafield>
      <datafield ind1=' ' ind2=' ' tag='260'>
        <subfield code='a'>New York :</subfield>
        <subfield code='b'>C.F. Peters Corp.,</subfield>
        <subfield code='c'>[19--?]</subfield>
      </datafield>
      <datafield ind1=' ' ind2=' ' tag='300'>
        <subfield code='a'>6 parts ;</subfield>
        <subfield code='c'>31 cm.</subfield>
      </datafield>
      <datafield ind1=' ' ind2=' ' tag='500'>
        <subfield code='a'>Includes alternative viola part.</subfield>
      </datafield>
      <datafield ind1=' ' ind2=' ' tag='500'>
        <subfield code='a'>Publisher&apos;s no.: Edition Peters Nr. 3905c.</subfield>
      </datafield>
      <datafield ind1=' ' ind2='0' tag='650'>
        <subfield code='a'>Quintets (Clarinet, violins (2), viola, cello)</subfield>
        <subfield code='v'>Parts.</subfield>
      </datafield>
      <datafield ind1=' ' ind2='0' tag='650'>
        <subfield code='a'>String quintets (Violins (2), violas (2), cello)</subfield>
        <subfield code='v'>Parts.</subfield>
      </datafield>
      <datafield ind1='2' ind2=' ' tag='710'>
        <subfield code='a'>Gewandhaus-Quartett Leipzig.</subfield>
      </datafield>
      <datafield ind1=' ' ind2=' ' tag='907'>
        <subfield code='a'>b1796183</subfield>
      </datafield>
      <datafield ind1='9' ind2='1' tag='999'>
        <subfield code='i'>i2590939</subfield>
        <subfield code='l'>mmda</subfield>
        <subfield code='s'>-</subfield>
        <subfield code='t'>45</subfield>
        <subfield code='c'>1</subfield>
        <subfield code='o'>31</subfield>
        <subfield code='b'>00009822481</subfield>
        <subfield code='p'>090</subfield>
        <subfield code='q'>|aM562 .B7 op.115, 1900z</subfield>
      </datafield>
  </record>