
  <record>
    <leader>00000cam a2200313Ia 4500</leader>
      <controlfield tag='008'>881107s1987    sp       b    000 0 spa d</controlfield>
      <controlfield tag='001'>18716786</controlfield>
      <controlfield tag='005'>19881107000000.0</controlfield>
      <datafield ind1=' ' ind2=' ' tag='020'>
        <subfield code='a'>8476790902</subfield>
      </datafield>
      <datafield ind1=' ' ind2=' ' tag='040'>
        <subfield code='a'>NOC</subfield>
        <subfield code='c'>NOC</subfield>
      </datafield>
      <datafield ind1='1' ind2=' ' tag='100'>
        <subfield code='a'>Lizárraga, Reginaldo de,</subfield>
        <subfield code='d'>approximately 1545-1615.</subfield>
      </datafield>
      <datafield ind1='1' ind2='0' tag='240'>
        <subfield code='a'>Descripción y población de las Indias.</subfield>
        <subfield code='f'>1987</subfield>
      </datafield>
      <datafield ind1='1' ind2='0' tag='245'>
        <subfield code='a'>Descripción del Perú, Tucumán, Rio de la Plata y Chile /</subfield>
        <subfield code='c'>Reginaldo de Lizárraga ; edición de Ignacio Ballesteros.</subfield>
      </datafield>
      <datafield ind1=' ' ind2=' ' tag='250'>
        <subfield code='a'>1a ed.</subfield>
      </datafield>
      <datafield ind1=' ' ind2=' ' tag='260'>
        <subfield code='a'>Madrid :</subfield>
        <subfield code='b'>Historia 16,</subfield>
        <subfield code='c'>1987.</subfield>
      </datafield>
      <datafield ind1=' ' ind2=' ' tag='300'>
        <subfield code='a'>478 p. ;</subfield>
        <subfield code='c'>20 cm.</subfield>
      </datafield>
      <datafield ind1=' ' ind2=' ' tag='500'>
        <subfield code='a'>First ed. published earlier in 1908 as: Descripción y población de las Indias.</subfield>
      </datafield>
      <datafield ind1=' ' ind2=' ' tag='504'>
        <subfield code='a'>Bibliography: p. 45-49.</subfield>
      </datafield>
      <datafield ind1=' ' ind2='0' tag='651'>
        <subfield code='a'>America</subfield>
        <subfield code='v'>Early accounts to 1600.</subfield>
      </datafield>
      <datafield ind1=' ' ind2='0' tag='651'>
        <subfield code='a'>South America</subfield>
        <subfield code='x'>Description and travel.</subfield>
      </datafield>
      <datafield ind1='1' ind2=' ' tag='700'>
        <subfield code='a'>Ballesteros, Ignacio.</subfield>
      </datafield>
      <datafield ind1=' ' ind2='0' tag='830'>
        <subfield code='a'>Crónicas de América ;</subfield>
        <subfield code='v'>37.</subfield>
      </datafield>
      <datafield ind1=' ' ind2=' ' tag='907'>
        <subfield code='a'>b2274112</subfield>
      </datafield>
      <datafield ind1='9' ind2='1' tag='999'>
        <subfield code='i'>i3274006</subfield>
        <subfield code='l'>trln</subfield>
        <subfield code='s'>-</subfield>
        <subfield code='t'>0</subfield>
        <subfield code='c'>1</subfield>
        <subfield code='o'>0</subfield>
        <subfield code='b'>00005578886</subfield>
        <subfield code='p'>090</subfield>
        <subfield code='q'>|aE141 .L78 1987</subfield>
      </datafield>
  </record>