
  <record>
    <leader>00000cam  2200193Ia 4500</leader>
      <controlfield tag='008'>940930s1976    bw af    b    000 0 bel  </controlfield>
      <controlfield tag='001'>31205573</controlfield>
      <controlfield tag='005'>19961014113358.0</controlfield>
      <datafield ind1=' ' ind2=' ' tag='010'>
        <subfield code='a'>77500281</subfield>
      </datafield>
      <datafield ind1=' ' ind2=' ' tag='015'>
        <subfield code='a'>USSR***</subfield>
      </datafield>
      <datafield ind1=' ' ind2=' ' tag='040'>
        <subfield code='a'>DLC</subfield>
        <subfield code='c'>GZM</subfield>
        <subfield code='d'>NOC</subfield>
      </datafield>
      <datafield ind1=' ' ind2=' ' tag='050'>
        <subfield code='a'>PN1978.R8</subfield>
        <subfield code='b'>K3</subfield>
      </datafield>
      <datafield ind1='1' ind2=' ' tag='100'>
        <subfield code='a'>Kaladzinski, M. A.</subfield>
      </datafield>
      <datafield ind1='1' ind2='0' tag='245'>
        <subfield code='a'>Tėatr l︠i︡alek Savetskaĭ Belarusi /</subfield>
        <subfield code='c'>M. A. Kaladzinski ; rėdaktar A, V, Sabaleŭski.</subfield>
      </datafield>
      <datafield ind1=' ' ind2=' ' tag='260'>
        <subfield code='a'>Minsk :</subfield>
        <subfield code='b'>Navuka i tekhnika,</subfield>
        <subfield code='c'>1976.</subfield>
      </datafield>
      <datafield ind1=' ' ind2=' ' tag='300'>
        <subfield code='a'>143 p., [16] leaves of plates :</subfield>
        <subfield code='b'>ill. ;</subfield>
        <subfield code='c'>18 cm.</subfield>
      </datafield>
      <datafield ind1=' ' ind2=' ' tag='500'>
        <subfield code='a'>At head of title : Akadėmi︠i︡a navuk Belaruskaĭ SSR. Instytut mastatstvaznaŭstva, ėtnahrafii i falʹkloru.</subfield>
      </datafield>
      <datafield ind1=' ' ind2=' ' tag='504'>
        <subfield code='a'>Includes bibliographical references.</subfield>
      </datafield>
      <datafield ind1=' ' ind2='0' tag='650'>
        <subfield code='a'>Puppet plays, Belarusian.</subfield>
      </datafield>
      <datafield ind1=' ' ind2=' ' tag='907'>
        <subfield code='a'>b2931238</subfield>
      </datafield>
      <datafield ind1='9' ind2='1' tag='999'>
        <subfield code='i'>i4177722</subfield>
        <subfield code='l'>trln</subfield>
        <subfield code='s'>-</subfield>
        <subfield code='t'>0</subfield>
        <subfield code='c'>1</subfield>
        <subfield code='o'>1</subfield>
        <subfield code='b'>00012698342</subfield>
        <subfield code='p'>090</subfield>
        <subfield code='q'>|aPN1978.R8 K3</subfield>
      </datafield>
  </record>