
  <record>
    <leader>00000cas a22003015a 4500</leader>
      <controlfield tag='006'>m        d</controlfield>
      <controlfield tag='007'>cr  n</controlfield>
      <controlfield tag='008'>110223cuuuu9999enkqr pes     0   a0eng d</controlfield>
      <controlfield tag='001'>ssj0000513688</controlfield>
      <controlfield tag='003'>WaSeSS</controlfield>
      <controlfield tag='005'>20160707180338.0</controlfield>
      <datafield ind1=' ' ind2=' ' tag='022'>
        <subfield code='a'>1748-474X</subfield>
      </datafield>
      <datafield ind1=' ' ind2=' ' tag='035'>
        <subfield code='z'>(galestne)2OLKBIM</subfield>
      </datafield>
      <datafield ind1=' ' ind2=' ' tag='040'>
        <subfield code='a'>MiFhGG</subfield>
        <subfield code='c'>MiFhGG</subfield>
        <subfield code='d'>galestne</subfield>
        <subfield code='d'>UPRA</subfield>
        <subfield code='d'>WaSeSS</subfield>
      </datafield>
      <datafield ind1='0' ind2=' ' tag='130'>
        <subfield code='a'>Poland telecommunications report (Online)</subfield>
      </datafield>
      <datafield ind1='1' ind2='0' tag='245'>
        <subfield code='a'>Poland telecommunications report</subfield>
        <subfield code='h'>[electronic resource].</subfield>
      </datafield>
      <datafield ind1=' ' ind2=' ' tag='260'>
        <subfield code='a'>London :</subfield>
        <subfield code='b'>Business Monitor International</subfield>
      </datafield>
      <datafield ind1=' ' ind2=' ' tag='310'>
        <subfield code='a'>Quarterly</subfield>
      </datafield>
      <datafield ind1=' ' ind2=' ' tag='500'>
        <subfield code='a'>Description based on: Publisher&apos;s website (March 2011).</subfield>
      </datafield>
      <datafield ind1=' ' ind2=' ' tag='516'>
        <subfield code='a'>Text (Electronic publication)</subfield>
      </datafield>
      <datafield ind1=' ' ind2='0' tag='650'>
        <subfield code='a'>Telecommunication</subfield>
        <subfield code='z'>Poland.</subfield>
      </datafield>
      <datafield ind1=' ' ind2='0' tag='650'>
        <subfield code='a'>Telecommunication</subfield>
        <subfield code='z'>Poland</subfield>
        <subfield code='x'>Forecasting.</subfield>
      </datafield>
      <datafield ind1=' ' ind2='7' tag='650'>
        <subfield code='a'>Business, international.</subfield>
        <subfield code='2'>galestne</subfield>
      </datafield>
      <datafield ind1='0' ind2=' ' tag='653'>
        <subfield code='a'>Business, international</subfield>
      </datafield>
      <datafield ind1=' ' ind2='0' tag='655'>
        <subfield code='a'>Electronic journals.</subfield>
      </datafield>
      <datafield ind1='4' ind2='0' tag='856'>
        <subfield code='y'>Full text available via the UNC-Chapel Hill Libraries</subfield>
        <subfield code='u'>http://VB3LK7EB4T.search.serialssolutions.com/?V=1.0&amp;L=VB3LK7EB4T&amp;S=JCs&amp;C=TC0000513688&amp;T=marc</subfield>
        <subfield code='x'>ABI/INFORM Collection</subfield>
      </datafield>
      <datafield ind1=' ' ind2=' ' tag='907'>
        <subfield code='a'>b7961999</subfield>
      </datafield>
  </record>