
  <record>
    <leader>00000cam  2200181Ia 4500</leader>
      <controlfield tag='008'>911209s1990    ncua          000 0 eng d</controlfield>
      <controlfield tag='001'>24918623</controlfield>
      <controlfield tag='005'>19911209000000.0</controlfield>
      <datafield ind1=' ' ind2=' ' tag='040'>
        <subfield code='a'>NOC</subfield>
        <subfield code='c'>NOC</subfield>
      </datafield>
      <datafield ind1='1' ind2=' ' tag='100'>
        <subfield code='a'>Whitener, Rogers.</subfield>
      </datafield>
      <datafield ind1='1' ind2='0' tag='245'>
        <subfield code='a'>Thrice-told tales /</subfield>
        <subfield code='c'>[by Rogers Whitener] ; art by Joe Miller.</subfield>
      </datafield>
      <datafield ind1=' ' ind2=' ' tag='260'>
        <subfield code='a'>Boone, N.C. :</subfield>
        <subfield code='b'>R. Whitener &amp; J. Miller,</subfield>
        <subfield code='c'>c1990.</subfield>
      </datafield>
      <datafield ind1=' ' ind2=' ' tag='300'>
        <subfield code='a'>1 v. (unpaged) :</subfield>
        <subfield code='b'>ill. (some col.) ;</subfield>
        <subfield code='c'>22 x 28 cm.</subfield>
      </datafield>
      <datafield ind1=' ' ind2=' ' tag='500'>
        <subfield code='a'>&quot;From Rogers Whitener&apos;s Folk-ways and folk-speech of Southern Appalachia.&quot;</subfield>
      </datafield>
      <datafield ind1=' ' ind2='0' tag='651'>
        <subfield code='a'>Appalachian Region, Southern</subfield>
        <subfield code='x'>Social life and customs.</subfield>
      </datafield>
      <datafield ind1=' ' ind2=' ' tag='691'>
        <subfield code='a'>North Carolina</subfield>
        <subfield code='z'>Western section</subfield>
        <subfield code='v'>Folklore.</subfield>
      </datafield>
      <datafield ind1='1' ind2=' ' tag='700'>
        <subfield code='a'>Miller, Joe.</subfield>
      </datafield>
      <datafield ind1=' ' ind2=' ' tag='907'>
        <subfield code='a'>b2420316</subfield>
      </datafield>
      <datafield ind1='9' ind2='1' tag='999'>
        <subfield code='i'>i3473611</subfield>
        <subfield code='l'>wbda</subfield>
        <subfield code='s'>o</subfield>
        <subfield code='t'>0</subfield>
        <subfield code='c'>1</subfield>
        <subfield code='o'>0</subfield>
        <subfield code='b'>00049985587</subfield>
        <subfield code='p'>099</subfield>
        <subfield code='q'>|aCp398 W59t</subfield>
        <subfield code='n'>With autographs of author and illustrator.</subfield>
      </datafield>
      <datafield ind1='9' ind2='1' tag='999'>
        <subfield code='i'>i3473612</subfield>
        <subfield code='l'>wbda</subfield>
        <subfield code='s'>-</subfield>
        <subfield code='t'>0</subfield>
        <subfield code='c'>2</subfield>
        <subfield code='o'>0</subfield>
        <subfield code='b'>00049985596</subfield>
        <subfield code='p'>099</subfield>
        <subfield code='q'>|aCp398 W59t</subfield>
        <subfield code='n'>With autographs of author and illustrator.</subfield>
      </datafield>
      <datafield ind1='9' ind2='2' tag='999'>
        <subfield code='a'>c2626689</subfield>
        <subfield code='b'>wbda</subfield>
        <subfield code='c'>0</subfield>
      </datafield>
      <datafield ind1='9' ind2='3' tag='999'>
        <subfield code='0'>c2626689</subfield>
        <subfield code='2'>852</subfield>
        <subfield code='3'>c</subfield>
        <subfield code='b'>572121</subfield>
        <subfield code='h'>Cp398</subfield>
        <subfield code='i'>W59t</subfield>
      </datafield>
      <datafield ind1='9' ind2='3' tag='999'>
        <subfield code='0'>c2626689</subfield>
        <subfield code='2'>852</subfield>
        <subfield code='3'>e</subfield>
        <subfield code='p'>HALW-2127-00001</subfield>
        <subfield code='t'>1</subfield>
        <subfield code='z'>With autographs of author and illustrator.</subfield>
      </datafield>
      <datafield ind1='9' ind2='3' tag='999'>
        <subfield code='0'>c2626689</subfield>
        <subfield code='2'>852</subfield>
        <subfield code='3'>e</subfield>
        <subfield code='p'>HALW-2127-00002</subfield>
        <subfield code='t'>2</subfield>
        <subfield code='z'>With autographs of author and illustrator.</subfield>
      </datafield>
  </record>