
  <record>
    <leader>00000cam  2200205Ia 4500</leader>
      <controlfield tag='008'>861027s1919    sp c          000 0 cat d</controlfield>
      <controlfield tag='001'>14526146</controlfield>
      <controlfield tag='005'>19890124145207.7</controlfield>
      <datafield ind1=' ' ind2=' ' tag='040'>
        <subfield code='a'>NOC</subfield>
        <subfield code='c'>NOC</subfield>
      </datafield>
      <datafield ind1='1' ind2=' ' tag='100'>
        <subfield code='a'>Fontanals, Laureano.</subfield>
      </datafield>
      <datafield ind1='1' ind2='2' tag='245'>
        <subfield code='a'>L&apos;home d&apos;anys :</subfield>
        <subfield code='b'>comèdia en tres actes /</subfield>
        <subfield code='c'>original de Laureà Fontanals.</subfield>
      </datafield>
      <datafield ind1=' ' ind2=' ' tag='260'>
        <subfield code='a'>Barcelona :</subfield>
        <subfield code='b'>S. Bonavía,</subfield>
        <subfield code='c'>1919.</subfield>
      </datafield>
      <datafield ind1=' ' ind2=' ' tag='300'>
        <subfield code='a'>22 p. :</subfield>
        <subfield code='b'>port. ;</subfield>
        <subfield code='c'>27 cm.</subfield>
      </datafield>
      <datafield ind1=' ' ind2=' ' tag='500'>
        <subfield code='a'>Caption title.</subfield>
      </datafield>
      <datafield ind1=' ' ind2=' ' tag='500'>
        <subfield code='a'>No. 32, in a volume with binder&apos;s title: La Escena Catalana.</subfield>
      </datafield>
      <datafield ind1=' ' ind2='0' tag='830'>
        <subfield code='a'>Escena catalana ;</subfield>
        <subfield code='v'>no. 32.</subfield>
      </datafield>
      <datafield ind1=' ' ind2=' ' tag='907'>
        <subfield code='a'>b2152348</subfield>
      </datafield>
      <datafield ind1='9' ind2='1' tag='999'>
        <subfield code='i'>i3105558</subfield>
        <subfield code='l'>wcda</subfield>
        <subfield code='s'>o</subfield>
        <subfield code='t'>0</subfield>
        <subfield code='c'>1</subfield>
        <subfield code='o'>0</subfield>
        <subfield code='b'>HAKT-2432-00001</subfield>
        <subfield code='p'>090</subfield>
        <subfield code='q'>|aPC3921 .E83 no. 32</subfield>
      </datafield>
      <datafield ind1='9' ind2='2' tag='999'>
        <subfield code='a'>c2378406</subfield>
        <subfield code='b'>wcda</subfield>
        <subfield code='c'>0</subfield>
      </datafield>
      <datafield ind1='9' ind2='3' tag='999'>
        <subfield code='0'>c2378406</subfield>
        <subfield code='2'>852</subfield>
        <subfield code='3'>c</subfield>
        <subfield code='b'>572211</subfield>
        <subfield code='h'>PC3921</subfield>
        <subfield code='i'>.E83 no. 32</subfield>
      </datafield>
      <datafield ind1='9' ind2='3' tag='999'>
        <subfield code='0'>c2378406</subfield>
        <subfield code='2'>852</subfield>
        <subfield code='3'>e</subfield>
        <subfield code='p'>HAKT-2432-00001</subfield>
        <subfield code='t'>1</subfield>
      </datafield>
  </record>