
  <record>
    <leader>00000cam  2200289 a 4500</leader>
      <controlfield tag='008'>940811s1994    ii       b    100 0 eng  </controlfield>
      <controlfield tag='001'>31011888</controlfield>
      <controlfield tag='005'>19960315123215.0</controlfield>
      <datafield ind1=' ' ind2=' ' tag='010'>
        <subfield code='a'>94902795 //r94</subfield>
      </datafield>
      <datafield ind1=' ' ind2=' ' tag='020'>
        <subfield code='a'>8121603633 :</subfield>
        <subfield code='c'>Rs325.00</subfield>
      </datafield>
      <datafield ind1=' ' ind2=' ' tag='040'>
        <subfield code='a'>DLC</subfield>
        <subfield code='c'>DLC</subfield>
        <subfield code='d'>NOC</subfield>
      </datafield>
      <datafield ind1=' ' ind2=' ' tag='042'>
        <subfield code='a'>lcode</subfield>
      </datafield>
      <datafield ind1='0' ind2='0' tag='050'>
        <subfield code='a'>DS481.G3</subfield>
        <subfield code='b'>G21677 1994</subfield>
      </datafield>
      <datafield ind1='0' ind2='0' tag='082'>
        <subfield code='a'>954.03/5/092</subfield>
        <subfield code='2'>20</subfield>
      </datafield>
      <datafield ind1='0' ind2='0' tag='245'>
        <subfield code='a'>Gandhi &amp; South Africa /</subfield>
        <subfield code='c'>edited by Shanti Sadiq Ali.</subfield>
      </datafield>
      <datafield ind1=' ' ind2=' ' tag='250'>
        <subfield code='a'>1st ed.</subfield>
      </datafield>
      <datafield ind1=' ' ind2=' ' tag='260'>
        <subfield code='a'>Delhi :</subfield>
        <subfield code='b'>Hind Pocket Books,</subfield>
        <subfield code='c'>1994.</subfield>
      </datafield>
      <datafield ind1=' ' ind2=' ' tag='300'>
        <subfield code='a'>268 p. ;</subfield>
        <subfield code='c'>23 cm.</subfield>
      </datafield>
      <datafield ind1=' ' ind2=' ' tag='504'>
        <subfield code='a'>Includes bibliographical references.</subfield>
      </datafield>
      <datafield ind1=' ' ind2=' ' tag='520'>
        <subfield code='a'>Seminar papers.</subfield>
      </datafield>
      <datafield ind1='1' ind2='0' tag='600'>
        <subfield code='a'>Gandhi,</subfield>
        <subfield code='c'>Mahatma,</subfield>
        <subfield code='d'>1869-1948</subfield>
        <subfield code='x'>Travel</subfield>
        <subfield code='z'>South Africa</subfield>
        <subfield code='v'>Congresses.</subfield>
      </datafield>
      <datafield ind1=' ' ind2='0' tag='650'>
        <subfield code='a'>East Indians</subfield>
        <subfield code='z'>South Africa</subfield>
        <subfield code='x'>Politics and government</subfield>
        <subfield code='v'>Congresses.</subfield>
      </datafield>
      <datafield ind1=' ' ind2='0' tag='650'>
        <subfield code='a'>Passive resistance</subfield>
        <subfield code='z'>South Africa</subfield>
        <subfield code='v'>Congresses.</subfield>
      </datafield>
      <datafield ind1=' ' ind2='0' tag='651'>
        <subfield code='a'>South Africa</subfield>
        <subfield code='x'>Politics and government</subfield>
        <subfield code='y'>1836-1909</subfield>
        <subfield code='v'>Congresses.</subfield>
      </datafield>
      <datafield ind1=' ' ind2='0' tag='651'>
        <subfield code='a'>South Africa</subfield>
        <subfield code='x'>Politics and government</subfield>
        <subfield code='y'>1909-1948</subfield>
        <subfield code='v'>Congresses.</subfield>
      </datafield>
      <datafield ind1='1' ind2=' ' tag='700'>
        <subfield code='a'>Sadiq Ali, Shanti,</subfield>
        <subfield code='d'>1925-</subfield>
      </datafield>
      <datafield ind1='0' ind2=' ' tag='740'>
        <subfield code='a'>Gandhi and South Africa.</subfield>
      </datafield>
      <datafield ind1=' ' ind2=' ' tag='907'>
        <subfield code='a'>b2796638</subfield>
      </datafield>
      <datafield ind1='9' ind2='1' tag='999'>
        <subfield code='i'>i4019535</subfield>
        <subfield code='l'>ddda</subfield>
        <subfield code='s'>-</subfield>
        <subfield code='t'>0</subfield>
        <subfield code='c'>1</subfield>
        <subfield code='o'>7</subfield>
        <subfield code='b'>00012973106</subfield>
        <subfield code='p'>090</subfield>
        <subfield code='q'>|aDS481.G3 G21677 1994</subfield>
      </datafield>
  </record>