
  <record>
    <leader>00000nam  2200181oa 4500</leader>
      <controlfield tag='008'>160418s2016    xxu          f000 0 eng d</controlfield>
      <controlfield tag='001'>tmp97435431</controlfield>
      <controlfield tag='005'>20160418114438.0</controlfield>
      <datafield ind1=' ' ind2=' ' tag='019'>
        <subfield code='a'>tmp97435431</subfield>
      </datafield>
      <datafield ind1=' ' ind2=' ' tag='040'>
        <subfield code='a'>MvI</subfield>
        <subfield code='c'>MvI</subfield>
      </datafield>
      <datafield ind1=' ' ind2=' ' tag='074'>
        <subfield code='a'>1008-C-02</subfield>
      </datafield>
      <datafield ind1='0' ind2=' ' tag='086'>
        <subfield code='a'>Y 1.1/8:114-444</subfield>
      </datafield>
      <datafield ind1='0' ind2='0' tag='245'>
        <subfield code='a'>Small Business Broadband Deployment Act, House Rpt. 114-444, March 7, 2016, 114-2</subfield>
      </datafield>
      <datafield ind1=' ' ind2=' ' tag='260'>
        <subfield code='a'>[S.l :</subfield>
        <subfield code='b'>s.n.,</subfield>
        <subfield code='c'>2016?]</subfield>
      </datafield>
      <datafield ind1=' ' ind2=' ' tag='500'>
        <subfield code='a'>Shipping List #: 2016-0190-P</subfield>
      </datafield>
      <datafield ind1=' ' ind2=' ' tag='500'>
        <subfield code='a'>Shipping List Date: 04/06/2016</subfield>
      </datafield>
      <datafield ind1='1' ind2=' ' tag='710'>
        <subfield code='a'>United States.</subfield>
        <subfield code='b'>Congress.</subfield>
        <subfield code='b'>House.</subfield>
      </datafield>
      <datafield ind1='1' ind2=' ' tag='907'>
        <subfield code='a'>b8488069</subfield>
      </datafield>
      <datafield ind1='9' ind2='1' tag='999'>
        <subfield code='i'>i11013289</subfield>
        <subfield code='l'>dcpf</subfield>
        <subfield code='s'>-</subfield>
        <subfield code='t'>20</subfield>
        <subfield code='c'>1</subfield>
        <subfield code='o'>0</subfield>
        <subfield code='p'>086</subfield>
        <subfield code='q'>|aY 1.1/8:114-444</subfield>
        <subfield code='n'>For paper, see Serial Set.</subfield>
      </datafield>
  </record>