
  <record>
    <leader>00000nam  2200265Ia 4500</leader>
      <controlfield tag='008'>861010s1816    enkaf  j      000 0 eng d</controlfield>
      <controlfield tag='001'>14374836</controlfield>
      <controlfield tag='005'>20030814112704.0</controlfield>
      <datafield ind1=' ' ind2=' ' tag='040'>
        <subfield code='a'>IUL</subfield>
        <subfield code='c'>IUL</subfield>
        <subfield code='d'>OCLCQ</subfield>
        <subfield code='d'>NOC</subfield>
      </datafield>
      <datafield ind1='1' ind2=' ' tag='100'>
        <subfield code='a'>Vaux, Frances Bowyer,</subfield>
        <subfield code='d'>1785-1854.</subfield>
      </datafield>
      <datafield ind1='1' ind2='0' tag='245'>
        <subfield code='a'>Domestic pleasures, or, The happy fire-side :</subfield>
        <subfield code='b'>illustrated by interesting conversations /</subfield>
        <subfield code='c'>by F.B. Vaux.</subfield>
      </datafield>
      <datafield ind1='3' ind2=' ' tag='246'>
        <subfield code='a'>happy fire-side</subfield>
      </datafield>
      <datafield ind1=' ' ind2=' ' tag='260'>
        <subfield code='a'>London :</subfield>
        <subfield code='b'>Printed for Darton, Harvey, and Darton ...,</subfield>
        <subfield code='c'>1816.</subfield>
      </datafield>
      <datafield ind1=' ' ind2=' ' tag='300'>
        <subfield code='a'>vi, [2], 255 p., [1] leaf of plates :</subfield>
        <subfield code='b'>ill. ;</subfield>
        <subfield code='c'>20 cm.</subfield>
      </datafield>
      <datafield ind1=' ' ind2=' ' tag='500'>
        <subfield code='a'>Entertaining and informative conversations within a family group on numerous topics.</subfield>
      </datafield>
      <datafield ind1='4' ind2=' ' tag='510'>
        <subfield code='a'>NUC pre-1956,</subfield>
        <subfield code='c'>631:121</subfield>
      </datafield>
      <datafield ind1='4' ind2=' ' tag='510'>
        <subfield code='a'>Baldwin Library,</subfield>
        <subfield code='c'>II, p. 625</subfield>
      </datafield>
      <datafield ind1='4' ind2=' ' tag='510'>
        <subfield code='a'>BM</subfield>
        <subfield code='c'>246:895</subfield>
      </datafield>
      <datafield ind1=' ' ind2='7' tag='655'>
        <subfield code='a'>Children&apos;s literature.</subfield>
        <subfield code='2'>lcgft</subfield>
      </datafield>
      <datafield ind1=' ' ind2=' ' tag='907'>
        <subfield code='a'>b4343650</subfield>
      </datafield>
      <datafield ind1='9' ind2='1' tag='999'>
        <subfield code='i'>i5928023</subfield>
        <subfield code='l'>wcda</subfield>
        <subfield code='s'>o</subfield>
        <subfield code='t'>0</subfield>
        <subfield code='c'>1</subfield>
        <subfield code='o'>0</subfield>
        <subfield code='b'>00032840828</subfield>
        <subfield code='p'>090</subfield>
        <subfield code='q'>|aPR5703.V385 D6</subfield>
      </datafield>
      <datafield ind1='9' ind2='2' tag='999'>
        <subfield code='a'>c4415396</subfield>
        <subfield code='b'>wcda</subfield>
        <subfield code='c'>0</subfield>
      </datafield>
      <datafield ind1='9' ind2='3' tag='999'>
        <subfield code='0'>c4415396</subfield>
        <subfield code='2'>852</subfield>
        <subfield code='3'>c</subfield>
        <subfield code='b'>572211</subfield>
        <subfield code='h'>PR5703.V385</subfield>
        <subfield code='i'>D6</subfield>
      </datafield>
      <datafield ind1='9' ind2='3' tag='999'>
        <subfield code='0'>c4415396</subfield>
        <subfield code='2'>852</subfield>
        <subfield code='3'>c</subfield>
        <subfield code='p'>HBIB-9966-00001</subfield>
        <subfield code='t'>1</subfield>
        <subfield code='x'>rcp1326</subfield>
      </datafield>
  </record>