
  <record>
    <leader>00000nam a2200337 a 4500</leader>
      <controlfield tag='008'>940321s1987    dcu     bs   f000 0 eng d</controlfield>
      <controlfield tag='007'>he-bmb024bbca</controlfield>
      <controlfield tag='001'>29991760</controlfield>
      <controlfield tag='005'>19940321104008.0</controlfield>
      <datafield ind1=' ' ind2=' ' tag='035'>
        <subfield code='a'>(GPO)94078308</subfield>
      </datafield>
      <datafield ind1=' ' ind2=' ' tag='037'>
        <subfield code='a'>029-001-02938-1</subfield>
        <subfield code='b'>GPO</subfield>
        <subfield code='f'>paper copy</subfield>
      </datafield>
      <datafield ind1=' ' ind2=' ' tag='040'>
        <subfield code='a'>GPO</subfield>
        <subfield code='c'>GPO</subfield>
        <subfield code='d'>DLC</subfield>
      </datafield>
      <datafield ind1=' ' ind2=' ' tag='043'>
        <subfield code='a'>n-us---</subfield>
      </datafield>
      <datafield ind1=' ' ind2=' ' tag='074'>
        <subfield code='a'>0768-C-01 (MF)</subfield>
      </datafield>
      <datafield ind1='0' ind2=' ' tag='086'>
        <subfield code='a'>L 2.3/3:M 52</subfield>
      </datafield>
      <datafield ind1='0' ind2='0' tag='245'>
        <subfield code='a'>Industry wage survey :</subfield>
        <subfield code='b'>men&apos;s and women&apos;s footwear, October 1986</subfield>
        <subfield code='h'>[microform].</subfield>
      </datafield>
      <datafield ind1=' ' ind2=' ' tag='260'>
        <subfield code='a'>Washington, D.C. :</subfield>
        <subfield code='b'>U.S. Dept. of Labor, Bureau of Labor Statistics,</subfield>
        <subfield code='c'>[1987]</subfield>
      </datafield>
      <datafield ind1=' ' ind2=' ' tag='300'>
        <subfield code='a'>v, 68 p. ;</subfield>
        <subfield code='c'>28 cm.</subfield>
      </datafield>
      <datafield ind1=' ' ind2=' ' tag='500'>
        <subfield code='a'>Distributed to depository libraries in microfiche.</subfield>
      </datafield>
      <datafield ind1=' ' ind2=' ' tag='500'>
        <subfield code='a'>Shipping list no.: 93-1282-P.</subfield>
      </datafield>
      <datafield ind1=' ' ind2=' ' tag='500'>
        <subfield code='a'>Paper version no longer for sale by the Supt. of Docs.</subfield>
      </datafield>
      <datafield ind1=' ' ind2=' ' tag='500'>
        <subfield code='a'>&quot;November 1987.&quot;</subfield>
      </datafield>
      <datafield ind1=' ' ind2=' ' tag='533'>
        <subfield code='a'>Microfiche.</subfield>
        <subfield code='b'>[Washington, D.C.?] :</subfield>
        <subfield code='c'>Supt. of Docs., U.S. G.P.O.,</subfield>
        <subfield code='d'>[1993]</subfield>
        <subfield code='e'>2 microfiches : negative.</subfield>
      </datafield>
      <datafield ind1=' ' ind2='0' tag='650'>
        <subfield code='a'>Wages</subfield>
        <subfield code='x'>Shoe industry</subfield>
        <subfield code='z'>United States</subfield>
        <subfield code='v'>Statistics.</subfield>
      </datafield>
      <datafield ind1=' ' ind2='0' tag='650'>
        <subfield code='a'>Wages</subfield>
        <subfield code='x'>Footwear industry</subfield>
        <subfield code='z'>United States</subfield>
        <subfield code='v'>Statistics.</subfield>
      </datafield>
      <datafield ind1='1' ind2=' ' tag='710'>
        <subfield code='a'>United States.</subfield>
        <subfield code='b'>Bureau of Labor Statistics.</subfield>
      </datafield>
      <datafield ind1=' ' ind2='0' tag='830'>
        <subfield code='a'>Bulletin of the United States Bureau of Labor Statistics ;</subfield>
        <subfield code='v'>2219.</subfield>
      </datafield>
      <datafield ind1=' ' ind2=' ' tag='907'>
        <subfield code='a'>b3642018</subfield>
      </datafield>
      <datafield ind1='9' ind2='1' tag='999'>
        <subfield code='i'>i5085112</subfield>
        <subfield code='l'>dcpfb</subfield>
        <subfield code='s'>-</subfield>
        <subfield code='t'>20</subfield>
        <subfield code='c'>1</subfield>
        <subfield code='o'>0</subfield>
        <subfield code='b'>HBBE-4077-00001</subfield>
        <subfield code='p'>086</subfield>
        <subfield code='q'>|aL 2.3/3:M 52</subfield>
      </datafield>
  </record>