
  <record>
    <leader>00000cam a2200349 i 4500</leader>
      <controlfield tag='008'>800729s1979    bl a     b    000 0 por  </controlfield>
      <controlfield tag='001'>6289357</controlfield>
      <controlfield tag='005'>19810901000000.0</controlfield>
      <datafield ind1=' ' ind2=' ' tag='010'>
        <subfield code='a'>80109112</subfield>
      </datafield>
      <datafield ind1=' ' ind2=' ' tag='040'>
        <subfield code='a'>DLC</subfield>
        <subfield code='c'>DLC</subfield>
        <subfield code='d'>m.c.</subfield>
        <subfield code='d'>NOC</subfield>
      </datafield>
      <datafield ind1=' ' ind2=' ' tag='043'>
        <subfield code='a'>s-bl---</subfield>
      </datafield>
      <datafield ind1='0' ind2=' ' tag='082'>
        <subfield code='a'>469</subfield>
        <subfield code='2'>19</subfield>
      </datafield>
      <datafield ind1='1' ind2=' ' tag='100'>
        <subfield code='a'>Contier, Arnaldo Daraya.</subfield>
      </datafield>
      <datafield ind1='1' ind2='0' tag='245'>
        <subfield code='a'>Imprensa e ideologia em São Paulo, 1822-1842 :</subfield>
        <subfield code='b'>matizes do vocabulário político e social /</subfield>
        <subfield code='c'>Arnaldo Daraya Contier.</subfield>
      </datafield>
      <datafield ind1=' ' ind2=' ' tag='250'>
        <subfield code='a'>[1. ed.].</subfield>
      </datafield>
      <datafield ind1=' ' ind2=' ' tag='260'>
        <subfield code='a'>Petrópolis, RJ, Brasil :</subfield>
        <subfield code='b'>Editora Vozes ;</subfield>
        <subfield code='a'>[Campinas] :</subfield>
        <subfield code='b'>Universidade Estadual de Campinas,</subfield>
        <subfield code='c'>1979.</subfield>
      </datafield>
      <datafield ind1=' ' ind2=' ' tag='300'>
        <subfield code='a'>313 p. :</subfield>
        <subfield code='b'>ill. ;</subfield>
        <subfield code='c'>22 cm.</subfield>
      </datafield>
      <datafield ind1=' ' ind2=' ' tag='500'>
        <subfield code='a'>Originally presented as the author&apos;s thesis, Universidade de São Paulo, 1973.</subfield>
      </datafield>
      <datafield ind1=' ' ind2=' ' tag='504'>
        <subfield code='a'>Bibliography: p. 296-305.</subfield>
      </datafield>
      <datafield ind1=' ' ind2='0' tag='650'>
        <subfield code='a'>Brazilian newspapers</subfield>
        <subfield code='z'>Brazil</subfield>
        <subfield code='z'>São Paulo (State)</subfield>
        <subfield code='x'>Language.</subfield>
      </datafield>
      <datafield ind1=' ' ind2='0' tag='650'>
        <subfield code='a'>Portuguese language</subfield>
        <subfield code='x'>Political aspects</subfield>
        <subfield code='z'>Brazil</subfield>
        <subfield code='z'>São Paulo (State)</subfield>
      </datafield>
      <datafield ind1=' ' ind2='0' tag='650'>
        <subfield code='a'>Portuguese language</subfield>
        <subfield code='x'>Social aspects</subfield>
        <subfield code='z'>Brazil</subfield>
        <subfield code='z'>São Paulo (State)</subfield>
      </datafield>
      <datafield ind1=' ' ind2='0' tag='650'>
        <subfield code='a'>Portuguese language</subfield>
        <subfield code='x'>Semantics.</subfield>
      </datafield>
      <datafield ind1=' ' ind2='0' tag='651'>
        <subfield code='a'>Brazil</subfield>
        <subfield code='x'>Politics and government</subfield>
        <subfield code='y'>1822-1889.</subfield>
      </datafield>
      <datafield ind1=' ' ind2='0' tag='830'>
        <subfield code='a'>Coleção História brasileira ;</subfield>
        <subfield code='v'>4.</subfield>
      </datafield>
      <datafield ind1=' ' ind2=' ' tag='907'>
        <subfield code='a'>b1691715</subfield>
      </datafield>
      <datafield ind1='9' ind2='1' tag='999'>
        <subfield code='i'>i2421914</subfield>
        <subfield code='l'>trln</subfield>
        <subfield code='s'>-</subfield>
        <subfield code='t'>0</subfield>
        <subfield code='c'>1</subfield>
        <subfield code='o'>3</subfield>
        <subfield code='b'>00000927402</subfield>
        <subfield code='p'>090</subfield>
        <subfield code='q'>|aPC5263 .C66 1979</subfield>
      </datafield>
  </record>