
  <record>
    <leader>00000cam  2200253Ia 4500</leader>
      <controlfield tag='008'>911104s1937    nyu           000 0 eng d</controlfield>
      <controlfield tag='001'>17195429</controlfield>
      <controlfield tag='005'>19911104000000.0</controlfield>
      <datafield ind1=' ' ind2=' ' tag='010'>
        <subfield code='a'>57008648</subfield>
      </datafield>
      <datafield ind1=' ' ind2=' ' tag='040'>
        <subfield code='a'>ANO</subfield>
        <subfield code='c'>ANO</subfield>
        <subfield code='d'>OCoLC</subfield>
      </datafield>
      <datafield ind1='0' ind2=' ' tag='130'>
        <subfield code='a'>Shui hu zhuan.</subfield>
        <subfield code='l'>English.</subfield>
      </datafield>
      <datafield ind1='1' ind2='0' tag='245'>
        <subfield code='a'>All men are brothers :</subfield>
        <subfield code='b'>(Shui hu chuan) /</subfield>
        <subfield code='c'>Translated from the Chinese by Pearl S. Buck.</subfield>
      </datafield>
      <datafield ind1=' ' ind2=' ' tag='260'>
        <subfield code='a'>New York :</subfield>
        <subfield code='b'>Grove Press,</subfield>
        <subfield code='c'>c1937.</subfield>
      </datafield>
      <datafield ind1=' ' ind2=' ' tag='300'>
        <subfield code='a'>2 v. (xiv, 1279 p.) :</subfield>
        <subfield code='b'>ill. ;</subfield>
        <subfield code='c'>21 cm.</subfield>
      </datafield>
      <datafield ind1=' ' ind2=' ' tag='500'>
        <subfield code='a'>Title also in Chinese on t.p.</subfield>
      </datafield>
      <datafield ind1=' ' ind2=' ' tag='500'>
        <subfield code='a'>Ascribed to either Shih Nai-an or Lo Kuan-chung. Cf. Ho Hsin. Shui hu yen chiu.</subfield>
      </datafield>
      <datafield ind1='1' ind2=' ' tag='700'>
        <subfield code='a'>Shi, Nai&apos;an,</subfield>
        <subfield code='d'>approximately 1290-approximately 1365.</subfield>
      </datafield>
      <datafield ind1='1' ind2=' ' tag='700'>
        <subfield code='a'>Luo, Guanzhong,</subfield>
        <subfield code='d'>approximately 1330-approximately 1400.</subfield>
      </datafield>
      <datafield ind1='1' ind2=' ' tag='700'>
        <subfield code='a'>Buck, Pearl S.</subfield>
        <subfield code='q'>(Pearl Sydenstricker),</subfield>
        <subfield code='d'>1892-1973,</subfield>
        <subfield code='e'>translator.</subfield>
      </datafield>
      <datafield ind1=' ' ind2=' ' tag='907'>
        <subfield code='a'>b2221874</subfield>
      </datafield>
      <datafield ind1='9' ind2='1' tag='999'>
        <subfield code='i'>i3200197</subfield>
        <subfield code='l'>trln</subfield>
        <subfield code='s'>-</subfield>
        <subfield code='t'>0</subfield>
        <subfield code='c'>1</subfield>
        <subfield code='o'>2</subfield>
        <subfield code='b'>00008628728</subfield>
        <subfield code='p'>090</subfield>
        <subfield code='q'>|aPL2997.S63 B8 1937</subfield>
        <subfield code='v'>v.1</subfield>
      </datafield>
      <datafield ind1='9' ind2='1' tag='999'>
        <subfield code='i'>i3200198</subfield>
        <subfield code='l'>trln</subfield>
        <subfield code='s'>-</subfield>
        <subfield code='t'>0</subfield>
        <subfield code='c'>1</subfield>
        <subfield code='o'>2</subfield>
        <subfield code='b'>00016546622</subfield>
        <subfield code='p'>090</subfield>
        <subfield code='q'>|aPL2997.S63 B8 1937</subfield>
        <subfield code='v'>v.2</subfield>
      </datafield>
      <datafield ind1='9' ind2='2' tag='999'>
        <subfield code='a'>c2439108</subfield>
        <subfield code='b'>trln</subfield>
        <subfield code='c'>0</subfield>
      </datafield>
      <datafield ind1='9' ind2='3' tag='999'>
        <subfield code='0'>c2439108</subfield>
        <subfield code='2'>852</subfield>
        <subfield code='3'>c</subfield>
        <subfield code='b'>555521</subfield>
        <subfield code='h'>PL2997.S63</subfield>
        <subfield code='i'>B8 1937</subfield>
        <subfield code='x'>Previously converted record</subfield>
      </datafield>
      <datafield ind1='9' ind2='3' tag='999'>
        <subfield code='0'>c2439108</subfield>
        <subfield code='2'>853</subfield>
        <subfield code='3'>y</subfield>
        <subfield code='8'>1</subfield>
        <subfield code='a'>v.</subfield>
        <subfield code='t'>c.</subfield>
      </datafield>
  </record>