
  <record>
    <leader>00000ccm a2200337Ia 4500</leader>
      <controlfield tag='008'>791017r19771647it muz         n    zxx  </controlfield>
      <controlfield tag='001'>5534697</controlfield>
      <controlfield tag='005'>19931119174704.0</controlfield>
      <datafield ind1=' ' ind2=' ' tag='010'>
        <subfield code='a'>78771720 /M</subfield>
      </datafield>
      <datafield ind1=' ' ind2=' ' tag='040'>
        <subfield code='a'>DLC</subfield>
        <subfield code='c'>COO</subfield>
        <subfield code='d'>SER</subfield>
        <subfield code='d'>IUL</subfield>
        <subfield code='d'>NOC</subfield>
      </datafield>
      <datafield ind1=' ' ind2=' ' tag='045'>
        <subfield code='a'>u4u4</subfield>
      </datafield>
      <datafield ind1=' ' ind2=' ' tag='047'>
        <subfield code='a'>df</subfield>
        <subfield code='a'>st</subfield>
      </datafield>
      <datafield ind1=' ' ind2=' ' tag='048'>
        <subfield code='a'>tbo1</subfield>
      </datafield>
      <datafield ind1='0' ind2=' ' tag='050'>
        <subfield code='a'>MT582</subfield>
        <subfield code='b'>.M422 1977</subfield>
        <subfield code='a'>M126</subfield>
        <subfield code='a'>M1450</subfield>
      </datafield>
      <datafield ind1='1' ind2=' ' tag='100'>
        <subfield code='a'>Milioni, Pietro,</subfield>
        <subfield code='d'>active 17th century.</subfield>
      </datafield>
      <datafield ind1='1' ind2='0' tag='245'>
        <subfield code='a'>Vero e facil modo d&apos;imparare a sonare et accordare da se medesimo la chitarra spagnola /</subfield>
        <subfield code='c'>Pietro Millioni, Lodovico Monte.</subfield>
      </datafield>
      <datafield ind1=' ' ind2=' ' tag='260'>
        <subfield code='a'>[Bologna] :</subfield>
        <subfield code='b'>A. Forni,</subfield>
        <subfield code='c'>1977.</subfield>
      </datafield>
      <datafield ind1=' ' ind2=' ' tag='300'>
        <subfield code='a'>32 p. of music ;</subfield>
        <subfield code='c'>12 x 18 cm.</subfield>
      </datafield>
      <datafield ind1=' ' ind2=' ' tag='500'>
        <subfield code='a'>For guitar; includes dance music in tablature.</subfield>
      </datafield>
      <datafield ind1=' ' ind2=' ' tag='500'>
        <subfield code='a'>Reprint. Originally published: In Roma : A. Grisei, 1647.</subfield>
      </datafield>
      <datafield ind1=' ' ind2='0' tag='650'>
        <subfield code='a'>Guitar</subfield>
        <subfield code='v'>Methods.</subfield>
      </datafield>
      <datafield ind1=' ' ind2='7' tag='655'>
        <subfield code='a'>Dance music.</subfield>
        <subfield code='2'>lcgft</subfield>
      </datafield>
      <datafield ind1='1' ind2=' ' tag='700'>
        <subfield code='a'>Monte, Lodovico,</subfield>
        <subfield code='d'>active 17th century.</subfield>
      </datafield>
      <datafield ind1=' ' ind2='0' tag='830'>
        <subfield code='a'>Bibliotheca musica Bononiensis.</subfield>
        <subfield code='n'>Sezione IV ;</subfield>
        <subfield code='v'>n. 214.</subfield>
      </datafield>
      <datafield ind1=' ' ind2=' ' tag='907'>
        <subfield code='a'>b2468379</subfield>
      </datafield>
      <datafield ind1='9' ind2='1' tag='999'>
        <subfield code='i'>i3548868</subfield>
        <subfield code='l'>mmda</subfield>
        <subfield code='s'>-</subfield>
        <subfield code='t'>45</subfield>
        <subfield code='c'>1</subfield>
        <subfield code='o'>1</subfield>
        <subfield code='b'>00009809683</subfield>
        <subfield code='p'>090</subfield>
        <subfield code='q'>|aMT582 .M422 1977</subfield>
      </datafield>
  </record>