
  <record>
    <leader>00000nam a2200385 ia4500</leader>
      <controlfield tag='006'>m    fo  d f</controlfield>
      <controlfield tag='007'>cr bn nnnauuuu</controlfield>
      <controlfield tag='008'>161027s1978    dcua    o    f000 0 eng d</controlfield>
      <controlfield tag='001'>ccn00778559</controlfield>
      <datafield ind1=' ' ind2=' ' tag='040'>
        <subfield code='a'>NjRocCCS</subfield>
        <subfield code='b'>eng</subfield>
        <subfield code='e'>rda</subfield>
        <subfield code='c'>NjRocCCS</subfield>
      </datafield>
      <datafield ind1=' ' ind2=' ' tag='043'>
        <subfield code='a'>n-us---</subfield>
        <subfield code='a'>n-us-ny</subfield>
      </datafield>
      <datafield ind1=' ' ind2='4' tag='050'>
        <subfield code='a'>KF27.5</subfield>
        <subfield code='b'>.A3 1978t</subfield>
      </datafield>
      <datafield ind1='0' ind2=' ' tag='086'>
        <subfield code='a'>Y 4.AG 4/2:EN 2</subfield>
      </datafield>
      <datafield ind1='1' ind2=' ' tag='110'>
        <subfield code='a'>United States.</subfield>
        <subfield code='b'>Congress.</subfield>
        <subfield code='b'>House.</subfield>
        <subfield code='b'>Select Committee on Aging,</subfield>
        <subfield code='e'>author.</subfield>
      </datafield>
      <datafield ind1='1' ind2='0' tag='245'>
        <subfield code='a'>Energy needs of older Americans :</subfield>
        <subfield code='b'>joint hearing before the Select Committee on Aging and the Subcommittee on Housing and Consumer Interests of the Select Committee on Aging, House of Representatives, Ninety-fifth Congress, second session, April 8, 1978, North Babylon, N.Y.</subfield>
      </datafield>
      <datafield ind1=' ' ind2='1' tag='264'>
        <subfield code='a'>Washington :</subfield>
        <subfield code='b'>U.S. Government Printing Office,</subfield>
        <subfield code='c'>1978.</subfield>
      </datafield>
      <datafield ind1=' ' ind2='2' tag='264'>
        <subfield code='a'>[Getzville, NY] :</subfield>
        <subfield code='b'>William S. Hein &amp; Company,</subfield>
        <subfield code='c'>[2016]</subfield>
      </datafield>
      <datafield ind1=' ' ind2=' ' tag='300'>
        <subfield code='a'>1 online resource (iii, 172 pages) :</subfield>
        <subfield code='b'>illustrations.</subfield>
      </datafield>
      <datafield ind1=' ' ind2=' ' tag='336'>
        <subfield code='a'>text</subfield>
        <subfield code='2'>rdacontent</subfield>
      </datafield>
      <datafield ind1=' ' ind2=' ' tag='337'>
        <subfield code='a'>computer</subfield>
        <subfield code='2'>rdamedia</subfield>
      </datafield>
      <datafield ind1=' ' ind2=' ' tag='338'>
        <subfield code='a'>online resource</subfield>
        <subfield code='2'>rdacarrier</subfield>
      </datafield>
      <datafield ind1=' ' ind2=' ' tag='500'>
        <subfield code='a'>&quot;Comm. pub. no. 95-147.&quot;</subfield>
      </datafield>
      <datafield ind1=' ' ind2=' ' tag='588'>
        <subfield code='a'>Description based on PDF title page, viewed October 27, 2016.</subfield>
      </datafield>
      <datafield ind1='1' ind2='0' tag='650'>
        <subfield code='a'>Older people</subfield>
        <subfield code='x'>Energy assistance</subfield>
        <subfield code='z'>United States.</subfield>
      </datafield>
      <datafield ind1=' ' ind2='0' tag='650'>
        <subfield code='a'>Older people</subfield>
        <subfield code='x'>Energy assistance</subfield>
        <subfield code='z'>New York (State)</subfield>
      </datafield>
      <datafield ind1=' ' ind2='7' tag='655'>
        <subfield code='a'>Legislative hearings.</subfield>
        <subfield code='2'>lcgft</subfield>
      </datafield>
      <datafield ind1='1' ind2=' ' tag='710'>
        <subfield code='a'>United States.</subfield>
        <subfield code='b'>Congress.</subfield>
        <subfield code='b'>House.</subfield>
        <subfield code='b'>Select Committee on Aging.</subfield>
        <subfield code='b'>Subcommittee on Housing and Consumer Interests,</subfield>
        <subfield code='e'>author.</subfield>
      </datafield>
      <datafield ind1='0' ind2='8' tag='776'>
        <subfield code='c'>Original</subfield>
        <subfield code='w'>(DLC)   81602638</subfield>
      </datafield>
      <datafield ind1=' ' ind2='0' tag='830'>
        <subfield code='a'>U.S. Congressional documents.</subfield>
        <subfield code='p'>Congressional hearings.</subfield>
      </datafield>
      <datafield ind1='4' ind2='0' tag='856'>
        <subfield code='3'>HeinOnline U.S. Congressional Documents Collection</subfield>
        <subfield code='u'>http://libproxy.lib.unc.edu/login?url=http://www.heinonline.org/HOL/Page?handle=hein.cbhear/ennoldamc0001&amp;id=1&amp;size=2&amp;collection=congrec&amp;index=cbhear</subfield>
        <subfield code='y'>Full text available via the UNC-Chapel Hill Libraries</subfield>
      </datafield>
      <datafield ind1=' ' ind2=' ' tag='907'>
        <subfield code='a'>b8682164</subfield>
      </datafield>
  </record>