
  <record>
    <leader>00000cas a2200457 ia4500</leader>
      <controlfield tag='006'>m    fo  d</controlfield>
      <controlfield tag='007'>cr |||||||||||</controlfield>
      <controlfield tag='008'>970411d20102010utufr p o     0   a0eng d</controlfield>
      <controlfield tag='001'>wln00221691</controlfield>
      <datafield ind1=' ' ind2=' ' tag='010'>
        <subfield code='a'>2007228695</subfield>
      </datafield>
      <datafield ind1=' ' ind2=' ' tag='040'>
        <subfield code='a'>NjRocCCS</subfield>
        <subfield code='b'>eng</subfield>
        <subfield code='e'>rda</subfield>
        <subfield code='c'>NjRocCCS</subfield>
      </datafield>
      <datafield ind1=' ' ind2=' ' tag='043'>
        <subfield code='a'>n-us---</subfield>
      </datafield>
      <datafield ind1=' ' ind2='4' tag='050'>
        <subfield code='a'>K10</subfield>
        <subfield code='b'>.O9463</subfield>
      </datafield>
      <datafield ind1='0' ind2='0' tag='245'>
        <subfield code='a'>Journal of land, resources &amp; environmental law.</subfield>
      </datafield>
      <datafield ind1='3' ind2=' ' tag='246'>
        <subfield code='a'>Journal of land, resources, and environmental law</subfield>
      </datafield>
      <datafield ind1='3' ind2=' ' tag='246'>
        <subfield code='a'>JLREL</subfield>
      </datafield>
      <datafield ind1='1' ind2='7' tag='246'>
        <subfield code='a'>J. land, resources &amp; envtl. l.</subfield>
      </datafield>
      <datafield ind1=' ' ind2='1' tag='264'>
        <subfield code='a'>Salt Lake City, Utah :</subfield>
        <subfield code='b'>University of Utah College of Law,</subfield>
        <subfield code='c'>2010.</subfield>
      </datafield>
      <datafield ind1=' ' ind2='2' tag='264'>
        <subfield code='a'>[St. Paul, Minnesota] :</subfield>
        <subfield code='b'>Thomson Reuters,</subfield>
        <subfield code='c'>[2010-]</subfield>
      </datafield>
      <datafield ind1=' ' ind2=' ' tag='310'>
        <subfield code='a'>Updated semiannually</subfield>
      </datafield>
      <datafield ind1=' ' ind2=' ' tag='336'>
        <subfield code='a'>text</subfield>
        <subfield code='2'>rdacontent</subfield>
      </datafield>
      <datafield ind1=' ' ind2=' ' tag='337'>
        <subfield code='a'>computer</subfield>
        <subfield code='2'>rdamedia</subfield>
      </datafield>
      <datafield ind1=' ' ind2=' ' tag='338'>
        <subfield code='a'>online resource</subfield>
        <subfield code='2'>rdacarrier</subfield>
      </datafield>
      <datafield ind1='1' ind2=' ' tag='362'>
        <subfield code='a'>Began with vol. 17, no. 1 (1997) and ceased with volumes 30, no. 2 (2010).</subfield>
      </datafield>
      <datafield ind1=' ' ind2=' ' tag='550'>
        <subfield code='a'>Vols. for 1997- issued with the Wallace Stegner Center for Land, Resources and the Environment at the University of Utah College of Law.</subfield>
      </datafield>
      <datafield ind1=' ' ind2=' ' tag='588'>
        <subfield code='a'>Description based on print version record.</subfield>
      </datafield>
      <datafield ind1='1' ind2='0' tag='650'>
        <subfield code='a'>Natural resources</subfield>
        <subfield code='x'>Law and legislation</subfield>
        <subfield code='z'>United States</subfield>
        <subfield code='v'>Periodicals.</subfield>
      </datafield>
      <datafield ind1=' ' ind2='0' tag='650'>
        <subfield code='a'>Environmental law</subfield>
        <subfield code='z'>United States</subfield>
        <subfield code='v'>Periodicals.</subfield>
      </datafield>
      <datafield ind1=' ' ind2='0' tag='650'>
        <subfield code='a'>Environmental policy</subfield>
        <subfield code='z'>United States</subfield>
        <subfield code='v'>Periodicals.</subfield>
      </datafield>
      <datafield ind1=' ' ind2='7' tag='655'>
        <subfield code='a'>Electronic journals.</subfield>
        <subfield code='2'>lcgft</subfield>
      </datafield>
      <datafield ind1='2' ind2=' ' tag='710'>
        <subfield code='a'>University of Utah.</subfield>
        <subfield code='b'>College of Law.</subfield>
      </datafield>
      <datafield ind1='2' ind2=' ' tag='710'>
        <subfield code='a'>University of Utah.</subfield>
        <subfield code='b'>Wallace Stegner Center for Land, Resources, and the Environment.</subfield>
      </datafield>
      <datafield ind1='0' ind2=' ' tag='730'>
        <subfield code='a'>WESTLAW (Information retrieval system)</subfield>
      </datafield>
      <datafield ind1='0' ind2='8' tag='776'>
        <subfield code='i'>Print version:</subfield>
        <subfield code='t'>Journal of land, resources &amp; environmental law</subfield>
        <subfield code='w'>(DLC)   97660059</subfield>
      </datafield>
      <datafield ind1='0' ind2='0' tag='780'>
        <subfield code='t'>Journal of energy, natural resources &amp; environmental law</subfield>
        <subfield code='x'>1053-377X</subfield>
        <subfield code='w'>(DLC)  90641128</subfield>
      </datafield>
      <datafield ind1='0' ind2='0' tag='785'>
        <subfield code='t'>Utah environmental law review</subfield>
        <subfield code='x'>2162-5182</subfield>
        <subfield code='w'>(DLC)2011235130</subfield>
      </datafield>
      <datafield ind1='4' ind2='0' tag='856'>
        <subfield code='3'>Select coverage begins with vol. 5 (1983); Full coverage begins with vol. 13, no. 2 (1993)-v. 30, no. 2 (2010)</subfield>
        <subfield code='u'>https://www.westlaw.com/Browse/Home/SecondarySources/LawReviewsJournals/UtahLawReviewsJournals/JournalofLandResourcesEnvironmentalLaw?rs=tran3.0&amp;vr=3.0&amp;originationContext=vendcc</subfield>
        <subfield code='y'>Full text available to UNC-Chapel Hill Law School with password</subfield>
      </datafield>
      <datafield ind1=' ' ind2=' ' tag='907'>
        <subfield code='a'>b7277684</subfield>
      </datafield>
  </record>