
  <record>
    <leader>00000cam a2200253Ia 4500</leader>
      <controlfield tag='008'>880324s1985    bl            000 1 por d</controlfield>
      <controlfield tag='001'>17670448</controlfield>
      <controlfield tag='005'>19880324000000.0</controlfield>
      <datafield ind1=' ' ind2=' ' tag='020'>
        <subfield code='a'>850800009X</subfield>
      </datafield>
      <datafield ind1=' ' ind2=' ' tag='040'>
        <subfield code='a'>NOC</subfield>
        <subfield code='c'>NOC</subfield>
      </datafield>
      <datafield ind1='1' ind2=' ' tag='100'>
        <subfield code='a'>Caminha, Adolfo,</subfield>
        <subfield code='d'>1867-1897.</subfield>
      </datafield>
      <datafield ind1='1' ind2='2' tag='245'>
        <subfield code='a'>A normalista /</subfield>
        <subfield code='c'>Adolfo Caminha ; texto integral preparado por Sabóia Ribeiro e cotejado com a edição de 1893, editada por Magalhães &amp; C. Editores/Livraria Moderna, Rio de Janeiro.</subfield>
      </datafield>
      <datafield ind1=' ' ind2=' ' tag='250'>
        <subfield code='a'>8a ed.</subfield>
      </datafield>
      <datafield ind1=' ' ind2=' ' tag='260'>
        <subfield code='a'>São Paulo :</subfield>
        <subfield code='b'>Editora Atica,</subfield>
        <subfield code='c'>1985.</subfield>
      </datafield>
      <datafield ind1=' ' ind2=' ' tag='300'>
        <subfield code='a'>136 p. ;</subfield>
        <subfield code='c'>21 cm.</subfield>
      </datafield>
      <datafield ind1=' ' ind2=' ' tag='500'>
        <subfield code='a'>A novel.</subfield>
      </datafield>
      <datafield ind1=' ' ind2='0' tag='830'>
        <subfield code='a'>Série Bom livro.</subfield>
      </datafield>
      <datafield ind1=' ' ind2=' ' tag='907'>
        <subfield code='a'>b2239322</subfield>
      </datafield>
      <datafield ind1='9' ind2='1' tag='999'>
        <subfield code='i'>i3227929</subfield>
        <subfield code='l'>trln</subfield>
        <subfield code='s'>-</subfield>
        <subfield code='t'>0</subfield>
        <subfield code='c'>1</subfield>
        <subfield code='o'>0</subfield>
        <subfield code='b'>00004812581</subfield>
        <subfield code='p'>090</subfield>
        <subfield code='q'>|aPQ9697.C244 N6 1985</subfield>
      </datafield>
  </record>
</collection>